2888 5002
295 359 368 427 360
570 376 851 428 raoareuara
871 377 1059 428 enimes.

294 826 683 901 PROPOSITIONES
728 826 817 899 XVI
864 827 928 898 DE
977 826 1343 899 MAGNITUDINE

706 977 922 1051 CIRCULI.

355 1352 410 1404 AD
442 1350 664 1403 LECTOREM
690 1350 997 1403 crematurum
1023 1351 1275 1405 STUDIOSUM

628 1476 996 1530 PRAEFATIUNCULA.

293 1607 356 1681 Nn
393 1607 628 1682 multitudine
662 1600 843 1680 linearum
873 1606 912 1678 in
948 1605 1214 1702 diagrammate
1238 1631 1263 1680 a
1287 1607 1337 1680 le-

291 1720 415 1817 gendo
438 1719 657 1810 deterream,
676 1719 880 1794 monendus
904 1744 954 1809 es,
973 1720 1155 1793 rationem
1177 1719 1336 1794 circum-

292 1833 459 1907 ferentiae
484 1835 612 1907 circuli
639 1834 686 1907 ad
710 1835 929 1907 diametrum
948 1833 1237 1906 demonstratam
1256 1856 1336 1907 esse

291 1970 315 2019 a
341 1948 614 2019 constructione
645 1947 774 2043 prima,
804 1957 997 2020 constante
1025 1971 1071 2019 ex
1105 1946 1213 2020 lineis
1247 1947 1336 2020 satis

291 2060 430 2154 paucis,
451 2071 489 2132 et
512 2059 618 2132 facile
643 2058 923 2155 distinguendis.
977 2060 1102 2131 Habes
1125 2083 1214 2154 ergo
1235 2060 1336 2156 quod

290 2174 473 2269 promittit
491 2173 632 2261 titulus,
650 2173 689 2246 in
708 2172 849 2246 duabus
872 2172 998 2268 primis
1019 2172 1335 2268 propositionibus

290 2285 398 2382 plene
414 2286 631 2383 praestitum.
685 2287 723 2358 Si
737 2298 862 2358 tamen
875 2285 1166 2381 propositionum
1180 2297 1336 2359 caetera-

291 2423 372 2472 rum
390 2399 638 2497 pulchritudo,
653 2412 695 2472 ut
712 2399 857 2471 illarum
875 2399 986 2470 etiam
1001 2398 1336 2473 demonstrationes

290 2512 413 2608 legere
432 2527 468 2585 et
486 2514 694 2586 examinare
713 2513 814 2601 velis,
837 2511 1001 2597 suadeat,
1019 2537 1041 2583 a
1059 2512 1164 2583 lineis
1183 2512 1336 2608 reliquis

291 2627 470 2699 minorem
497 2627 647 2700 habebis
673 2626 901 2698 molestiam:
930 2639 967 2697 et
986 2638 1123 2720 quanto
1147 2626 1232 2720 plns
1250 2650 1335 2721 pro·

291 2740 480 2834 gradieris,
496 2752 599 2813 tanto
617 2764 760 2835 semper
773 2740 869 2812 viam
884 2739 1048 2811 invenies
1061 2739 1334 2834 procliviorem.

637 3215 927 3266 CONSTRUCTIO
947 3217 973 3266 1.

91 3402 264 3443 coasrauc-
290 3366 587 3440 Dnscmaarna
606 3368 824 3462 quadratum
843 3369 1002 3456 ΑΒΟΙ),
1022 3380 1059 3441 et
1083 3368 1270 3441 dividatur
1294 3370 1331 3441 in

102 3485 245 3586 Q
288 3490 445 3575 quatuor
459 3481 638 3576 quadrata
655 3482 809 3576 aqualia
827 3507 849 3555 a
866 3482 1006 3554 duabus
1021 3481 1129 3555 rectis
1147 3482 1226 3568 EF,
1241 3482 1330 3571 GH,

287 3615 325 3664 se
343 3606 471 3664 mutuo
490 3596 699 3667 secantibus
717 3595 754 3667 in
774 3597 813 3678 l;
841 3595 1094 3692 ducanturque
1116 3595 1330 3689 diagonales

286 3706 367 3795 AC,
387 3706 469 3778 BD.
522 3708 657 3781 Centro
676 3710 721 3797 A,
739 3709 843 3782 radio
861 3709 930 3782 AB
950 3709 1106 3782 ducatur
1118 3733 1227 3781 arcus
1240 3734 1330 3804 qua-

285 3819 425 3892 drantis
445 3820 527 3909 BD,
547 3844 674 3894 secans
692 3834 830 3895 rectam
848 3824 914 3894 EF
932 3824 971 3895 in
985 3823 1032 3912 K,
1044 3835 1081 3895 et
1098 3833 1239 3895 rectam
1252 3822 1328 3895 GH

284 3932 323 4005 in
350 3933 385 4020 k,
413 3947 451 4006 et
482 3934 552 4006 Ac
582 3935 621 4007 in
640 3936 692 4020 P;
719 3938 843 4031 itaque
874 3959 981 4008 arcus
1011 3935 1081 4007 BD
1108 3945 1229 4006 sectus
1257 3935 1330 4006 erit

285 4045 452 4118 bifariam
483 4046 521 4118 in
550 4047 589 4119 P.
658 4050 824 4122 Ducatur
853 4050 928 4121 DK
948 4073 1075 4122 secans
1106 4048 1178 4119 AC
1212 4049 1249 4119 in
1283 4048 1328 4136 0,

283 4171 320 4228 et
337 4159 563 4254 producatur
581 4161 627 4233 ad
647 4161 714 4233 BC
734 4166 773 4236 in
795 4164 848 4236 M.
904 4165 947 4236 ln
976 4162 1156 4259 producta
1181 4162 1250 4234 BC
1268 4187 1328 4235 su-

281 4284 403 4345 matur
421 4273 482 4346 CL
499 4275 647 4370 aequalis
666 4276 751 4351 CM.
793 4278 887 4350 Item
905 4277 942 4349 in
963 4278 1027 4350 DC
1048 4287 1214 4350 sumatur
1225 4289 1328 4349 recta
