2888 5002
382 450 661 505 aaoauuuara
679 449 872 504 parares.
1071 427 1149 497 325·

107 626 180 701 nisi
201 648 268 722 per
284 624 404 720 ipsum
424 642 557 715 eorpus
1189 633 1258 676 w·
1273 632 1318 673 111·

108 738 254 837 argenti
269 737 343 810 vivi
359 757 482 809 aerem
499 755 558 805 ur·
1184 701 1328 738 ’μ’

107 853 253 952 gentis?
322 851 427 925 Siout
460 846 558 919 enim

110 991 218 1043 omne
240 987 351 1062 grave
380 960 559 1057 liquidum

111 1083 168 1156 sui
193 1081 306 1178 ipsius
323 1074 484 1175 pondere
501 1095 559 1145 ae·

111 1220 189 1270 rem
208 1217 316 1290 quem
336 1186 559 1264 descenden-

112 1308 160 1382 do
192 1306 338 1404 premit,
364 1300 560 1377 ascendere

111 1421 214 1517 cogit
240 1419 284 1510 (si
306 1418 365 1490 via
389 1415 461 1488 alia
485 1437 561 1486 non

112 1533 232 1625 detur)
245 1553 310 1627 per
330 1552 434 1603 suum
448 1527 562 1623 ipsius

112 1668 274 1741 corpus:
316 1642 370 1715 ita
417 1662 562 1736 quoque

113 1783 235 1833 aerem
278 1780 386 1853 quem
428 1752 563 1852 premit

113 1870 357 1970 ascendendo,
369 1870 399 1942 si
417 1868 476 1941 via
492 1867 565 1940 alia

113 2010 188 2060 non
219 1985 338 2074 detur,
365 2003 564 2079 persuum

113 2101 226 2197 ipsius
252 2121 384 2194 corpus
408 2095 565 2169 transire

115 2215 228 2310 cogit.
247 2211 485 2285 Manifestum
498 2209 564 2306 igi·

115 2340 177 2401 tur
189 2323 452 2421 est(supposita
461 2345 564 2394 mun-

116 2440 154 2514 di
184 2437 426 2536 plenitudine)
458 2457 565 2532 posse

115 2581 238 2631 aerem
252 2567 443 2629 externum
460 2553 507 2626 ab
525 2551 606 2648 ipsa
621 2555 802 2650 gravitate
819 2559 961 2655 argenti
978 2559 1053 2632 vivi
1069 2558 1153 2655 cogi
1251 2628 1253 2632 .

117 2672 155 2744 in
181 2671 302 2743 locum
318 2667 421 2740 illum
434 2667 531 2739 inter
544 2665 573 2738 C
587 2678 626 2739 et
642 2666 689 2740 D.
741 2669 869 2766 ltaque
886 2671 1153 2768 phaenomenon

116 2782 207 2857 illud
218 2781 471 2856 necessitatem
483 2778 589 2852 vacui
601 2803 676 2853 non
691 2780 930 2858 demonstrat.
969 2785 1153 2859 Quoniam

117 2909 240 2971 autem
259 2918 390 2990 eorpus
413 2892 558 2989 argenti
572 2891 647 2965 vivi
667 2896 915 2989 penetrationi
938 2921 1021 2993 quae
1042 2898 1085 2970 fit
1108 2899 1155 2971 ab

117 3035 201 3085 aere
219 3006 386 3083 nonnihil
409 3006 558 3095 resistit,
577 3014 614 3078 et
631 3008 835 3082 ascensioni
857 3008 1002 3105 argenti
1018 3008 1092 3083 vivi
1115 3011 1154 3084 in

117 3147 204 3198 vase
231 3125 266 3196 A
292 3120 429 3194 resistit
455 3143 542 3193 aer:
570 3118 715 3215 quando
738 3120 809 3193 illae
835 3121 917 3195 duae
940 3122 1156 3196 resistentiae

118 3235 276 3334 aequales
294 3245 414 3323 erunt,
432 3243 521 3307 tuno
543 3232 582 3306 iu
600 3233 690 3306 tubo
708 3233 857 3308 sistetur
873 3235 1008 3308 alicubi
1024 3259 1157 3333 argen-

120 3364 199 3426 tum
214 3350 350 3437 vivum,
367 3358 478 3443 atque
496 3346 549 3420 ibi
566 3358 623 3419 est
639 3347 684 3419 D.

170 3464 220 3537 Α.
248 3463 286 3536 si
309 3461 481 3559 phialam,
498 3460 632 3533 collum
658 3460 853 3534 habentem
876 3459 1157 3558 longiusculum,

120 3575 347 3669 eandemque
373 3573 474 3646 omni
504 3594 656 3669 corpore
683 3584 818 3669 praeter
847 3596 968 3646 aerem
991 3596 1158 3662 vacuam,

121 3713 184 3762 ore
207 3711 326 3784 sugas,
346 3687 593 3782 continuoque
620 3685 752 3781 phialae
770 3709 811 3759 os
828 3710 932 3782 aquae
949 3687 1157 3783 immergas,

120 3802 261 3874 videbis
287 3824 420 3897 aquam
443 3800 681 3896 aliquousque
704 3798 903 3872 ascendere
924 3799 964 3873 in
986 3799 1158 3897 phialam.

123 3916 208 3990 Qui.
227 3915 307 3988 fieri
335 3915 407 3987 hoo
434 3925 569 4010 potest,
596 3912 667 3985 nisi
696 3912 836 3986 factum
861 3913 908 3986 sit
930 3937 1087 3988 vacuum
1111 3913 1161 3986 ab

122 4029 314 4102 exustione
344 4027 439 4101 aeris
469 4027 508 4099 in
539 4026 642 4122 eujus
672 4025 793 4099 locum
823 4027 940 4124 possit
968 4051 1065 4124 aqua
1097 4026 1161 4100 illa

123 4140 345 4216 ascendere?

174 4255 223 4328 B.
252 4255 436 4327 Concesso
453 4276 581 4340 vacuo,
595 4251 758 4348 oportuit
768 4254 936 4350 quaedam
953 4254 1035 4327 loca
1046 4275 1164 4325 vacua

121 4367 233 4441 fuisse
251 4368 290 4441 iu
308 4368 370 4442 illo
388 4391 473 4442 aere
490 4366 601 4440 etiam
619 4367 682 4461 qui
699 4377 779 4441 erat
795 4368 893 4442 intra
903 4368 1063 4464 phialam
1076 4378 1163 4440 ante
