2888 4988
88 606 156 647 ΟΔΡ.
172 606 213 648 IV·

81 675 224 709 »ι-Ὗ-ν

90 732 126 777 Da
136 731 209 778 calore

90 796 178 845 etlnoe.

266 397 339 464 3³0
539 410 819 464 rnonnnrrara
837 413 1030 467 Parsrca.

265 578 486 675 acceperint,
504 593 662 677 quantus
680 582 729 656 ad
751 582 1055 656 commovendum
1072 581 1220 655 videndi
1243 607 1300 657 or·

265 716 403 789 ganum
420 694 641 791 postulatur.

314 803 361 879 A.
389 807 462 880 Sed
488 831 643 903 corpora
672 817 758 881 sunt
783 807 967 904 permulta
993 830 1148 905 quorum
1177 821 1301 904 partes

266 919 453 993 calefactae
469 919 576 993 facile
592 920 752 1010 avolant,
770 945 852 1017 qnae
879 932 1003 995 tamen
1026 921 1303 996 inflammantur

265 1044 304 1108 et
319 1033 445 1107 lucent
461 1061 469 1105 :
495 1042 538 1106 ut
551 1033 671 1106 oleum
689 1046 727 1107 et
743 1033 879 1106 vinum.

313 1147 364 1221 B.
392 1145 503 1221 Quod
519 1145 566 1219 ad
581 1145 702 1219 oleum
717 1146 862 1234 attinet,
879 1169 953 1219 non
971 1145 1218 1220 inflammatur
1234 1171 1301 1245 per

265 1282 305 1333 se
321 1261 440 1333 solum
452 1260 530 1333 sine
543 1259 616 1333 alia
627 1259 782 1332 materia
792 1259 1050 1348 combustibili‚
1068 1261 1301 1356 quantumvis

265 1372 493 1447 calefactum.
544 1372 632 1446 Non
651 1387 737 1446 sunt
753 1396 847 1469 ergo.
864 1385 989 1469 partes
1006 1373 1088 1461 olei,
1107 1373 1171 1446 sed
1189 1386 1300 1447 mate·

264 1485 329 1559 riae
346 1485 427 1559 oleo
444 1497 567 1560 unctae
583 1509 665 1582 qnae
677 1484 863 1559 evolantes
880 1484 1015 1559 lucent.
1067 1486 1161 1560 Sunt
1178 1499 1301 1561 autem

263 1596 303 1672 in
318 1597 405 1672 vino
420 1598 622 1695 particulae,
641 1621 723 1695 quae
738 1598 876 1671 habent
891 1610 1034 1672 motum
1061 1599 1164 1672 illum
1192 1623 1301 1696 quem

263 1713 303 1786 in
325 1723 425 1787 terra
452 1712 626 1809 supposui
647 1711 735 1785 satis
757 1710 943 1797 velocem3
970 1736 1053 1808 quae
1082 1736 1105 1785 a
1127 1724 1302 1787 contactu

262 1826 421 1900 flammae
437 1837 597 1899 externae
613 1824 720 1898 facile
736 1823 872 1897 lucent.

313 1938 348 2010 Α
353 1994 362 2011 .
389 1938 498 2012 Unde
516 1938 601 2012 sciri
616 1949 740 2034 potest
757 1936 869 2010 talem
885 1947 1027 2010 motum
1044 1935 1163 2010 inesse
1186 1938 1301 2035 parti-

264 2051 355 2124 culis
372 2051 474 2125 vini?

314 2165 364 2238 B.
391 2165 637 2261 Nunquamne
654 2172 798 2237 tantum
814 2162 938 2236 bibisti
959 2162 1048 2251 vini,
1065 2173 1108 2237 ut
1128 2163 1300 2252 lucernae,

262 2301 412 2367 mensae,
426 2278 609 2366 fenestroe,
621 2276 745 2349 omnia
753 2276 976 2349 commoveri
986 2276 1055 2349 tibi
1069 2276 1300 2351 viderentur?

269 2457 270 2460 ,
314 2391 362 2465 Α.
389 2390 610 2488 Aliquando,
627 2412 703 2462 non
720 2413 828 2485 saepe.
881 2389 1037 2463 Memini
1053 2400 1177 2464 autem
1194 2390 1248 2464 ire
1262 2401 1301 2465 et

262 2504 383 2578 redire
394 2504 518 2578 omnia
527 2514 633 2577 motu
641 2501 892 2599 reciprocante
903 2502 1047 2598 qualem
1063 2503 1299 2600 descripsisti.

264 2617 364 2691 Quid
381 2617 487 2690 tum?

311 2730 361 2803 B.
387 2729 492 2803 Nihil
508 2728 620 2818 aliud,
637 2739 883 2826 praeterquam
901 2729 1000 2825 quod
1017 2730 1096 2826 ejus
1118 2730 1171 2803 rei
1189 2754 1299 2804 causa

262 2853 341 2917 erat
353 2843 490 2918 vinum.
526 2842 638 2940 Cujus
656 2843 846 2938 particulae
862 2842 1047 2916 habebant
1056 2855 1178 2916 motus
1188 2843 1297 2933 illius,

261 2980 370 3054 quern
387 2956 572 3053 supposui,
584 2979 760 3052 magnum
775 2955 952 3051 gradum:
980 2978 1087 3051 quem
1104 2955 1208 3028 auxit
1223 2956 1298 3030 for-

260 3084 358 3144 tasse
380 3070 559 3156 nonnihil,
582 3081 776 3167 postquam
795 3069 834 3142 in
860 3068 1105 3142 ventriculum
1129 3078 1167 3142 et
1186 3093 1299 3143 venas

261 3195 417 3281 receptae
450 3193 567 3274 erant,
602 3184 765 3280 corporis
794 3183 946 3256 humani
987 3183 1153 3256 internus
1187 3183 1297 3257 calor.

259 3298 381 3395 Atque
395 3323 439 3373 eo
452 3313 556 3372 motu
568 3321 755 3372 concussae
767 3321 870 3371 venae
884 3308 922 3370 et
938 3296 1104 3393 (propter
1115 3295 1298 3370 continui-

261 3422 373 3485 tatem
391 3411 570 3508 corporis)
596 3411 798 3499 cerebrum,
815 3409 1000 3483 faciebant
1021 3420 1064 3483 ut
1087 3422 1210 3483 motus
1237 3409 1299 3482 ille

262 3525 324 3621 qui
341 3525 476 3599 eratin
493 3525 643 3598 cerebro
660 3534 698 3597 et
719 3523 840 3597 nervis
864 3523 996 3620 opticis
1019 3535 1058 3596 et
1083 3523 1224 3617 reliquo
1248 3522 1300 3594 vi·

261 3637 371 3710 dandi
401 3661 553 3735 organo,
582 3636 769 3710 videretur
798 3636 867 3710 tibi
896 3658 976 3709 esse
1006 3636 1046 3710 in
1072 3635 1235 3709 fenestra
1260 3645 1299 3709 et

260 3749 402 3823 caeteris
419 3749 585 3847 objectis.

309 3864 359 3937 Α.
387 3864 486 3939 Quid
504 3877 562 3938 est
583 3863 753 3938 flamma?
804 3862 935 3936 Putaui
961 3863 1059 3936 enim
1081 3862 1194 3951 illam,
1215 3886 1298 3958 quae

258 3977 305 4049 ab
323 3978 457 4075 exiguo
474 3978 660 4052 straminis
674 3976 761 4050 dum
779 3977 1005 4050 comburitur
1022 3977 1209 4073 manipulo
1222 3977 1299 4051 exit

259 4092 418 4182 flamma,
429 4091 569 4165 centies
585 4092 760 4186 majorem
775 4113 853 4164 esse
867 4113 977 4186 quam
994 4101 1073 4164 erat
1091 4091 1170 4187 ipse
1180 4090 1297 4164 mani-

259 4207 377 4303 pulus
