2888 5002
376 458 694 511 MATHEMATICAE
716 459 961 511 HODIERNAE.
1148 457 1191 521 13

148 628 366 726 symbolum.
410 628 510 724 Coge
528 628 641 725 igitur
655 628 758 701 illum
773 651 945 700 numeros
959 649 1042 699 suos
1057 625 1190 722 eloqui.
1226 658 1377 700 unrocus

148 743 260 831 Dicit,
274 742 396 828 credo,
411 766 604 814 numerum
619 742 776 815 alterum
790 741 920 814 saltem
935 764 1015 813 esse
1028 739 1191 813 surdum.
1232 740 1374 844 *2⁴

154 856 315 930 Sardum
332 869 455 928 autem
474 866 540 942 est,
565 855 665 951 quod
689 856 833 928 effabile
851 878 925 927 non
943 866 1010 927 est.
1061 854 1144 927 lam
1162 852 1193 925 si

149 971 260 1043 series
278 982 506 1067 proponatur
524 992 773 1054 numerorum,
792 969 839 1041 ab
857 969 998 1041 unitate
1016 968 1193 1064 incipien-

149 1085 241 1156 tium
259 1096 297 1157 et
310 1084 455 1156 unitate
469 1084 727 1172 crescentium,
741 1083 908 1165 infinita;
935 1105 1059 1155 nonne
1075 1082 1113 1153 in
1131 1080 1194 1153 illa

149 1199 242 1270 serie
259 1219 433 1268 numeros
450 1219 578 1268 omnes
596 1196 777 1269 contineri
793 1208 944 1293 putares
958 1195 971 1267 i

201 1311 249 1382 B.
277 1310 402 1382 Certe.

200 1424 249 1494 A.
276 1423 353 1494 Aut
369 1421 485 1493 ulium
503 1444 631 1493 eorum
649 1444 728 1494 esse
745 1421 967 1494 ineffabilem
983 1419 996 1494 i

201 1537 250 1609 B.
278 1535 442 1608 Nullum.

201 1650 250 1722 Α.
278 1648 411 1721 Nullus
435 1671 522 1744 ergo
547 1671 722 1721 numerus
747 1648 879 1721 surdus
899 1659 963 1720 est.
1019 1647 1092 1720 Sed
1110 1670 1193 1742 per-

150 1760 459 1859 gamum-Quod
469 1770 591 1833 aulem
602 1759 911 1858 oelplilologica,
922 1759 1102 1832 ueletiam
1115 1758 1193 1832 alia

149 1874 424 1973 philosophico,
449 1874 719 1946 mathematicis
742 1873 1027 1957 immiscuerim5
1046 1872 1194 1972 partim

152 1988 250 2062 illud
273 1987 328 2060 ad
354 1985 514 2082 aalyecli
540 1985 826 2083 explicationem
849 1985 1067 2059 commodum
1094 1985 1194 2058 oide-

153 2100 273 2186 batur,
296 2099 443 2198 partim
471 2097 582 2170 etiam
611 2097 828 2170 condimenti
854 2097 945 2185 loco,
973 2097 1193 2191 aea-Quid

152 2212 241 2286 illud
259 2225 327 2296 est,
350 2212 449 2307 quod
472 2223 625 2307 apparat
648 2209 873 2283 condimenti
891 2211 1053 2283 scientiae
1071 2234 1137 2306 per
1154 2235 1193 2284 se

151 2324 451 2423 jucundissimael
508 2325 567 2396 An
599 2336 791 2410 γελιιποπυιὸν,
822 2349 870 2397 all
900 2339 1013 2411 γελοῖον
1042 2337 1193 2398 acturus

153 2440 238 2513 est?

202 2553 253 2626 B.
280 2551 383 2624 Nihil
400 2551 532 2623 minus.
584 2550 681 2623 Nam
698 2574 765 2646 per
778 2551 1011 2647 philologiae,
1030 2575 1074 2623 ea
1091 2551 1195 2623 intel·

153 2665 233 2762 tigit
269 2689 353 2761 quae
383 2663 620 2736 continentur
649 2663 688 2736 in
719 2687 798 2758 cap.
831 2663 879 2735 vi.
908 2676 947 2735 et
977 2662 1194 2758 quibusdam

153 2779 389 2874 sequentibus
415 2776 461 2849 de
482 2776 714 2873 etymologiis
737 2777 927 2849 nominum
951 2777 1195 2850 numeralium

152 2892 380 2980 Latinorum,
406 2891 515 2986 plena
532 2889 691 2986 ingenii3
719 2890 840 2987 qualia
862 2902 958 2979 sunt,
981 2889 1195 2964 Latinorum

151 3027 280 3077 vocem
305 3029 409 3075 anam
431 3004 588 3077 derivari
612 3029 635 3076 a
651 3004 780 3077 Graeco
799 3017 877 3088 alm
899 3003 971 3076 cluo
989 3029 1012 3077 a
1029 3016 1095 3085 δύος
1119 3014 1196 3077 tres

151 3141 175 3188 a
185 3127 276 3206 τρεῖς;
296 3126 457 3214 qualitor
469 3143 491 3190 a
504 3132 615 3208 πίτυρα,
633 3132 732 3208 πένορα
747 3132 879 3206 ἃτέτορα,
894 3130 933 3190 et
948 3119 1019 3191 hoc
1033 3132 1197 3208 Βτέσσαρας

151 3229 311 3328 quinque
328 3244 454 3312 avem,
469 3231 591 3326 posito
609 3231 698 3328 qaia
714 3256 782 3327 pro
799 3267 859 3312 w,
874 3244 912 3303 et
929 3256 999 3328 qae
1015 3255 1082 3327 pro
1099 3269 1138 3303 n.

202 3341 252 3414 A.
279 3340 388 3415 Unde
407 3340 485 3413 lraec
504 3342 681 3438 conjicit?

202 3456 252 3529 B.
280 3456 428 3541 Nescio,
445 3456 516 3528 nisi
533 3480 556 3528 a
573 3456 806 3551 congruitate
823 3456 1024 3529 literarum.

202 3570 251 3642 A.
279 3570 365 3643 Non
385 3581 442 3643 est
458 3570 555 3642 inter
572 3581 632 3640 ὄέν
656 3582 828 3658 etaltera,
850 3593 969 3665 neque
993 3571 1090 3643 inter
1107 3594 1196 3666 qaa-

152 3694 236 3757 taor
252 3695 291 3756 et
308 3698 437 3772 τέσσαρα,
464 3706 584 3779 neque
602 3682 699 3755 inter
716 3683 870 3779 quinque
892 3696 930 3757 et
950 3698 1038 3765 πέντε,
1062 3708 1197 3779 magna

151 3797 311 3870 affinitas
328 3796 516 3869 literarum
532 3828 542 3880 ;
568 3808 606 3868 et
630 3795 782 3893 quilibet
806 3797 919 3869 etiam
936 3820 1028 3892 puer
1045 3808 1196 3870 tantun-

153 3909 236 3983 dem
255 3910 440 4005 conjicere
458 3910 593 4006 potuit.

202 4019 249 4094 B.
277 4021 433 4109 Deinde,
450 4020 594 4112 bellam,
612 4022 744 4119 inquit,
762 4039 910 4114 ἀπόλεμος
918 4023 1100 4122 fortasse
1116 4023 1196 4096 elic-

153 4143 227 4207 tam
244 4143 313 4207 eet.
365 4139 424 4207 An
442 4135 668 4207 tandundem
687 4136 885 4232 conjiceret
903 4137 1013 4210 etiam
1032 4135 1150 4231 pueri

202 4247 253 4319 A.
279 4246 446 4320 Minime.
498 4247 583 4320 Non
602 4260 657 4321 est
680 4249 777 4320 enim
796 4249 973 4322 derivatio
995 4248 1057 4320 illa
1075 4271 1196 4344 neque

151 4383 241 4433 vera
269 4383 389 4456 neque
416 4360 634 4452 verisimilis,
669 4362 733 4435 sed
766 4362 934 4453 ridicula,
969 4361 1195 4435 condimenti

153 4497 276 4548 causa
