2888 5002
368 417 683 473 nmnnnnmnrcrn
703 420 946 475 nonrnnnn.
1132 405 1181 485 87

153 639 157 645 ·
196 593 245 668 B.
271 593 420 669 Verum.

193 704 240 780 Δ.
266 707 365 804 Ergo
382 709 602 806 principium
619 712 783 787 scientiae
799 723 856 788 est
869 713 1031 811 cognitio
1047 736 1178 788 causae.

195 820 245 893 B.
272 821 405 895 Etiam.

195 933 244 1006 A.
271 932 444 1030 Sequitur
468 960 556 1034 ergo
581 939 827 1034 cognitionem
855 964 976 1015 causae
998 942 1178 1016 contineri

144 1045 279 1120 debere
295 1048 333 1120 in
351 1048 574 1123 definitione.

195 1159 245 1233 B.
271 1162 413 1235 Fateor.

193 1275 243 1346 A.
270 1275 398 1370 ltaque
412 1277 549 1372 optime
562 1277 741 1352 definiunt
753 1278 818 1368 illi,
830 1280 892 1375 qui
903 1282 1177 1377 generationem

143 1387 197 1461 rei
213 1388 252 1461 in
270 1388 481 1464 definitione
498 1391 692 1486 explicant.

195 1499 244 1572 B.
269 1501 390 1575 Etiam
407 1501 479 1575 hoc
495 1502 682 1586 concedo;
711 1513 749 1576 et
772 1503 811 1576 in
827 1504 989 1577 Euclidis
1011 1505 1176 1600 sphaerae,

143 1613 239 1704 coni,
257 1626 296 1687 et
317 1615 473 1711 cylindri
497 1615 782 1704 definitionibus,
811 1618 1066 1713 generationes
1095 1617 1177 1692 illo-

141 1750 225 1799 rum
241 1750 435 1824 corporum
450 1728 570 1820 video,
588 1753 796 1826 quanquam
815 1753 889 1803 non
906 1730 1071 1803 similiter
1089 1730 1177 1803 defi-

141 1839 261 1913 nierat
278 1841 466 1915 circulum.

193 1952 242 2025 A.
269 1953 320 2027 At
336 1953 513 2027 circulum
530 1953 687 2027 describi
703 1977 820 2050 posse,
846 1956 909 2051 qni
932 1955 1089 2030 describi
1105 1958 1175 2031 nisi

141 2089 209 2162 per
236 2080 377 2141 motum
405 2090 482 2140 non
510 2079 645 2163 potest,
676 2067 773 2141 inter
805 2069 990 2164 postulata
1021 2083 1064 2144 ut
1097 2095 1176 2145 rem

141 2191 268 2254 notam
284 2182 399 2276 gratis
417 2181 559 2254 sumsit.

190 2294 241 2366 B.
269 2294 407 2368 Saltem
420 2294 541 2367 dicere
559 2293 685 2367 debuit
701 2294 883 2385 Euclides,
898 2297 1079 2392 sphaeram
1096 2321 1175 2370 esse

140 2406 298 2480 solidum
315 2407 421 2504 patule
436 2409 490 2498 fit,
507 2409 629 2504 potius
646 2431 753 2503 quam
773 2409 871 2504 qnod
886 2411 942 2498 fit,
960 2434 1006 2483 ex
1023 2412 1175 2484 circum·

141 2520 314 2594 ductione
332 2521 561 2596 semicirculi.
604 2521 715 2593 Nulla
733 2521 831 2593 enim
848 2533 905 2594 est
921 2523 1075 2617 sphaera,
1093 2547 1176 2619 qnae

139 2657 207 2730 per
223 2633 573 2707 circumductionem
589 2633 688 2706 facta
704 2646 761 2706 est
778 2657 801 2705 a
817 2645 960 2707 natura.

189 2745 237 2819 A.
264 2746 338 2820 Qui
365 2747 501 2843 figuras
528 2746 719 2834 definiunt,
745 2745 847 2819 ideas
876 2770 958 2842 quae
984 2746 1024 2819 in
1053 2748 1176 2822 animo

139 2871 239 2950 sunt,
257 2884 332 2934 non
349 2862 428 2956 ipsa
449 2884 605 2957 corpora
631 2859 856 2956 respiciunt;
883 2872 920 2932 et
947 2884 992 2933 ex
1022 2860 1066 2933 iis
1093 2885 1176 2956 quae

138 2974 388 3070 imaginantur
397 2974 506 3068 ficri,
525 2973 711 3046 deducunt
727 2974 971 3069 proprietates
993 2973 1175 3048 factorum

138 3088 323 3179 similium,
353 3112 377 3161 a
405 3110 623 3184 quocunque
651 3098 689 3159 et
718 3086 1048 3183 quomodocunque
1076 3087 1176 3163 facta

137 3214 236 3275 sunt.

188 3314 355 3389 Vidimus
393 3317 470 3411 jam
504 3312 684 3411 principia
716 3314 926 3408 geometriae
960 3313 1098 3388 tradita
1127 3313 1174 3386 ab

137 3428 312 3501 Euclide:
347 3452 504 3526 quornm
521 3429 643 3525 aliqua
660 3426 819 3522 quidem,
838 3429 901 3503 sed
918 3452 1037 3526 pauca
1053 3428 1174 3501 minus

137 3553 311 3617 accurata
334 3545 580 3628 mutavimns3
610 3544 815 3640 reliquant
843 3540 1175 3638 irreprehensibilia

136 3656 273 3751 partim
289 3656 567 3752 praeterinimus,
585 3659 720 3753 partim
739 3655 1044 3731 confirmavimus.

188 3766 236 3842 B.
262 3769 503 3843 Revertamur
521 3793 609 3866 ergo
629 3769 678 3843 ad
693 3769 909 3857 Wallisium‚
934 3780 971 3841 et
992 3767 1091 3840 unde
1118 3767 1173 3840 di-

135 3882 255 3979 gressi
271 3906 407 3972 sumus,
424 3906 555 3979 nempe
572 3883 620 3956 ad
637 3882 758 3979 Caput
769 3883 963 3955 decimum.
1015 3881 1124 3966 Nam,
1142 3880 1174 3953 si

135 3995 231 4067 bene
247 3996 408 4086 memini,
426 4020 570 4070 eramus
587 3996 635 4071 ad
652 3995 955 4093 philologicornm
979 4006 1016 4067 et
1033 3992 1175 4089 Capitis

135 4108 227 4181 noni
242 4110 365 4199 finem,
384 4121 473 4184 tunc
490 4134 574 4184 cum
592 4108 734 4206 digredi
751 4109 963 4205 incepimus.

186 4220 232 4296 A.
260 4222 334 4296 Sed
351 4223 558 4298 differamus
575 4225 654 4298 haec
671 4224 710 4296 in
727 4222 902 4312 triduum,
917 4245 990 4318 qno
1007 4230 1173 4314 tempore

135 4337 241 4410 lectis
260 4337 501 4413 arithmetica
518 4339 596 4433 ejus
610 4362 692 4434 qnae
705 4347 857 4425 restant,
871 4358 916 4408 ea
931 4343 1074 4406 tantum
1089 4356 1171 4428 qnae

1218 619 1368 663 eunucus

1218 701 1362 806 :L
