2888 5002
395 422 974 478 usrnnnmcnnonlnnun.
1135 401 1202 480 187

162 609 312 660 nurnero
330 588 580 678 terminorum,
598 611 774 661 necessus
801 587 866 661 aa
891 610 1007 685 snpra
1024 585 1206 659 rationem
1237 611 1389 654 nrnnoous

162 699 481 798 subquadrnptanr
506 702 564 775 ita
589 703 757 775 continno
783 704 980 791 minuatur,
998 711 1039 774 ut
1058 699 1208 773 tandem
1245 693 1389 796 ,ζμ

164 813 323 909 quotibet
339 813 566 912 arrignnbiti
592 816 710 888 minor
731 815 882 903 evadat,
900 814 964 904 (ut
983 816 1146 910 potet),·
1172 811 1208 884 si

164 929 202 1000 in
231 926 409 1022 infinitum
428 929 672 1026 procedatur,
693 950 858 1026 prorsus
891 928 1104 1000 evanituras
1138 934 1208 1000 eet.

164 1040 341 1138 Adeoque
375 1043 474 1137 (quae
504 1055 561 1116 est
584 1041 788 1138 propositio
805 1039 873 1134 xli)
909 1039 945 1111 oi
967 1049 1210 1138 proponatur

164 1154 281 1227 series
312 1153 459 1249 infinito
487 1154 738 1252 quantitatum
767 1152 806 1225 in
831 1151 1031 1250 triplicata
1060 1152 1211 1225 ratione

163 1267 396 1339 arithmetice
422 1266 774 1366 proportionalium,
808 1265 885 1338 eive
917 1266 1034 1361 jueta
1074 1265 1209 1337 sertem

164 1404 396 1453 numerorum
433 1379 636 1453 auditorum
679 1378 849 1453 continue
892 1379 1144 1466 nescentium,
1183 1402 1209 1450 a

157 1504 299 1589 puncto
315 1516 381 1566 sen
397 1501 422 1568 0
440 1493 721 1576 inchoatarum
746 1492 820 1565 erit
837 1491 902 1565 tae
924 1491 979 1565 ad
1001 1491 1136 1564 seriem
1153 1501 1209 1564 to-

166 1605 280 1678 tidem
310 1606 480 1680 marinna
507 1605 715 1705 aqualinm,
741 1615 782 1677 nt
804 1615 818 1680 l
842 1604 896 1678 ad
910 1615 956 1679 4:
983 1605 1115 1679 salsum
1138 1618 1206 1679 est.

167 1730 234 1802 Est
258 1731 357 1803 enim
374 1732 413 1804 in
431 1732 551 1828 prima
573 1716 760 1830 serie-23,
788 1756 931 1805 summa
954 1731 1210 1818 crescentium,

167 1850 284 1944 major
314 1872 424 1943 quarn
457 1849 732 1946 subquadrupla
764 1849 921 1923 totidem
955 1850 1209 1938 maximorum,

167 1973 273 2033 tanto
301 1973 439 2057 quanta
468 1975 523 2036 est
553 1963 712 2037 semissis
739 1964 903 2037 unitatis.
956 1964 1000 2037 ln
1029 1964 1122 2037 serie
1153 1987 1210 2037 se-

169 2073 301 2163 cunda,
313 2099 456 2149 summa
472 2077 716 2150 crescentium
733 2090 880 2173 superat
897 2076 1210 2174 subquadruplem

169 2188 409 2261 maximarum
436 2191 554 2264 tribus
584 2191 798 2264 unitatibus.
850 2192 895 2264 In
925 2192 1048 2281 tertia,
1079 2213 1214 2264 novem

170 2302 389 2386 unitatibus3
403 2314 474 2376 etc.
502 2304 701 2400 Quousque
714 2303 988 2400 procedendum
1001 2327 1079 2377 esse
1092 2314 1213 2400 putaS,

170 2428 212 2487 ut
228 2438 370 2488 summe
387 2417 631 2489 crescentium
644 2416 693 2489 sit
706 2416 856 2489 tandem
872 2417 1114 2489 maximarum
1132 2416 1216 2488 sub·

173 2527 403 2624 quadrupla?

223 2642 271 2714 B.
300 2642 451 2716 Quanto
481 2643 563 2738 plus
593 2643 805 2740 proceditur
830 2654 935 2717 tnnto
958 2644 1075 2740 pejus.
1127 2642 1217 2716 Pro-

171 2756 304 2852 positio
321 2768 378 2829 est
394 2756 497 2829 falsa.

222 2866 268 2939 A.
296 2868 438 2942 Deinde
465 2870 714 2966 propositione
731 2869 833 2943 xliii:
861 2869 971 2960 Pari,
992 2868 1125 2966 inquit,
1143 2891 1216 2940 me-

173 2981 284 3054 ruodo
312 2983 516 3055 inuenietur
533 2984 634 3055 ratio
663 2983 779 3055 seriei
803 2982 954 3079 infinita
971 2983 1217 3079 quantitatum

173 3094 211 3165 in
229 3093 373 3166 ratione
402 3095 705 3193 quadruplicata.
729 3095 1016 3193 quintuplicata‚
1033 3094 1217 3191 sextupli-

173 3214 273 3294 cata,
295 3216 379 3295 eta,
397 3207 633 3280 arithmetice
653 3207 1007 3306 proportionalium,
1031 3231 1055 3278 a
1076 3216 1218 3304 puncto

174 3341 240 3389 oen
271 3326 294 3391 0
326 3318 592 3408 inchoatarum,
622 3318 676 3392 ad
704 3319 839 3392 serien
866 3318 1017 3392 totidem
1047 3320 1218 3392 nonina

176 3430 394 3527 <equalium
420 3457 550 3530 nempe
567 3434 604 3505 in
622 3433 911 3530 quadruplicata
932 3441 946 3506 l
969 3431 1024 3505 ad
1039 3441 1073 3522 5,
1087 3444 1157 3505 ete.

227 3544 276 3616 B.
304 3544 449 3618 Falsum
466 3558 545 3629 est;
571 3569 619 3618 ne
637 3546 833 3618 examines.

227 3658 276 3729 Α.
305 3657 384 3729 Imo
401 3679 501 3746 vero,
520 3657 608 3753 quid
626 3659 783 3730 afferant
799 3658 885 3731 novi
902 3682 985 3755 quae
1002 3667 1217 3755 sequuntur,

175 3770 329 3843 ulterius
359 3793 406 3843 ne
437 3794 670 3866 quaernmus;
696 3795 781 3845 curn
815 3774 862 3845 ob
895 3772 953 3846 his
988 3772 1220 3869 dependeant

176 3896 311 3956 eaetera
328 3882 462 3957 omnia.

226 3997 275 4069 B.
306 3997 363 4069 Ne
406 3997 600 4094 imaginari
644 3997 794 4094 quidem
827 4022 976 4094 possum
1012 3999 1219 4093 quicquam,

178 4109 279 4204 quod
295 4123 361 4184 aut
377 4110 563 4183 Wallisius
580 4122 646 4184 aut
662 4135 790 4185 eorum
804 4111 900 4185 nllus
930 4111 994 4207 qui
1012 4111 1124 4182 libros
1141 4110 1221 4204 ejus

178 4223 295 4296 literis
313 4223 361 4296 ad
390 4225 510 4320 ipsum
529 4224 675 4321 scriptis
698 4224 953 4314 laudaverunt,
982 4234 1111 4296 eontra
1140 4222 1220 4294 haeo

174 4349 254 4410 tam
268 4338 460 4433 perspicue
479 4337 729 4411 demonstrata
745 4339 876 4411 afferre
893 4346 1058 4432 possunt.
