2888 4988
283 395 356 461 338
558 411 837 466 rnosnsus'cs
857 412 1051 466 rursrcs.

109 599 177 639 cer·
195 601 224 640 v.
282 600 501 674 quacunque
519 577 759 674 homogenea,
777 591 816 651 ct
840 578 938 651 illius
961 578 1160 652 terminum
1176 578 1329 675 quidem

96 666 240 769 W
281 690 439 764 alterum
464 716 576 765 manu
600 703 739 780 teneas,
757 692 938 765 terminus
963 703 1088 765 autem
1110 691 1204 764 alter
1230 691 1329 764 cale-

118 790 216 836 “mn'‘
280 805 346 877 fiat
372 804 461 877 dum
489 805 698 894 candescat,
715 806 855 902 poteris
877 829 959 878 eam
979 806 1091 879 etiam
1114 806 1168 878 sic
1191 805 1328 878 illaesus

280 931 419 991 tenere.
469 918 609 991 Verum
626 918 656 991 si
673 917 782 991 simul
799 929 927 992 teneas
944 929 983 990 et
1002 930 1147 1014 partem
1164 916 1327 991 canden-

279 1041 356 1105 tem
384 1032 507 1105 snbito
530 1033 737 1128 extinguas,
762 1053 894 1106 manus
917 1032 986 1105 tibi
1012 1032 1066 1106 ita
1088 1031 1327 1105 vehementer

279 1159 421 1233 uretur,
439 1157 482 1218 ut
499 1156 626 1219 tenere
642 1145 744 1219 illam
761 1145 899 1219 diutius
915 1168 993 1219 non
1008 1144 1139 1242 possis.

329 1258 379 1331 A.
406 1258 507 1331 Nota
524 1281 582 1332 res
600 1269 666 1332 est.

331 1372 379 1443 B.
406 1371 520 1445 Vides
546 1395 647 1468 ergo,
671 1384 714 1446 ut
743 1382 866 1446 motus
892 1372 1054 1469 partium
1078 1371 1126 1444 ab
1147 1371 1327 1444 Aversus

280 1483 415 1557 OetB
439 1485 694 1558 vehementior
717 1486 834 1558 multo
861 1484 982 1560 factus
1014 1484 1063 1559 sit
1088 1507 1198 1581 quam
1224 1494 1326 1570 ante,

278 1611 390 1694 atquc
407 1597 520 1671 ctiam
544 1599 584 1671 in
608 1597 736 1695 spatiis
763 1599 984 1672 arctioribus
1004 1611 1159 1694 propter
1181 1596 1325 1670 extinc-

277 1711 418 1785 tionem
443 1711 605 1808 partium
633 1711 873 1785 inferiorum:
907 1723 1022 1808 utque
1052 1710 1172 1783 omnis
1202 1721 1325 1784 motus

275 1825 437 1921 partium
452 1825 669 1899 inferiorum
680 1825 806 1899 unitus
819 1826 867 1900 sit
879 1825 1058 1922 paulatim
1074 1825 1114 1897 in
1127 1834 1266 1920 puncto
1280 1823 1323 1897 Β.

276 1937 402 2034 Atque
417 1938 505 2012 hinc
521 1939 602 2012 fieri
619 1939 742 2028 credo,
755 1949 799 2014 nt
810 1940 929 2014 cauda
945 1939 1009 2013 illa
1020 1936 1099 2027 BC,
1112 1961 1324 2034 quanquam

277 2050 395 2140 exilis,
407 2050 618 2126 difficillime
627 2064 753 2126 tamen
762 2051 969 2149 frangatur.
996 2051 1183 2126 Quoniam
1195 2063 1323 2124 autem

277 2175 399 2238 motus
422 2164 483 2238 hic
512 2164 551 2238 in
582 2164 752 2238 omnibus
774 2164 862 2238 vitri
884 2163 1075 2261 particulis
1101 2187 1175 2236 non
1202 2163 1323 2237 solum

276 2277 465 2351 circularis
485 2292 554 2366 est,
578 2279 644 2352 sed
671 2278 783 2352 etiam
802 2289 1031 2375 propagatur
1053 2277 1091 2350 in
1119 2276 1322 2374 longitndi-

274 2414 360 2464 nem
378 2415 402 2464 a
416 2390 533 2465 fundo
545 2391 578 2463 A
591 2390 639 2465 ad
656 2391 846 2488 cuspidem
858 2391 911 2463 B:
928 2403 1082 2487 propter
1095 2391 1329 2468 reactionem.

274 2527 453 2599 vaporum
467 2527 512 2576 ex
525 2528 620 2601 aqua
634 2504 811 2577 calefacta
827 2504 866 2577 in
879 2515 1024 2600 guttam
1035 2503 1108 2576 ΑΑ
1118 2504 1321 2598 agentium,

275 2628 375 2691 totns
393 2629 515 2691 motus
533 2618 677 2713 spiralis
693 2617 770 2705 fiet,
789 2626 828 2691 et
843 2640 910 2712 per
930 2616 1034 2690 illum
1053 2616 1267 2690 diffindetur
1283 2629 1322 2691 ct

275 2731 507 2828 torquebitur
530 2731 686 2804 materia
701 2730 820 2804 vitrea
844 2732 890 2805 ab
913 2732 988 2803 imo
1011 2729 1059 2803 ad
1080 2754 1262 2804 summum
1281 2731 1320 2804 in

156 2870 158 2872 ’
273 2843 337 2917 fila
360 2845 479 2918 vitrea
503 2843 795 2932 innumerabilia,
822 2856 866 2917 ut
890 2845 987 2917 fiunt
1012 2842 1052 2916 in
1081 2843 1274 2918 arboribus
1297 2869 1321 2917 a

273 2980 384 3030 succo
401 2967 576 3052 surgente
593 2981 665 3054 quo
682 2956 897 3030 nutriuntur
913 2955 977 3028 ffla
993 2955 1127 3051 lignea.

325 3069 467 3166 ltaque,
495 3070 527 3143 si
553 3069 710 3144 caudam
740 3069 840 3141 illam
858 3067 966 3142 ACB
988 3068 1116 3141 flectas
1145 3067 1320 3164 (exempli

272 3182 399 3277 causa)
420 3184 458 3256 in
477 3184 528 3257 Ox
555 3182 594 3256 id
620 3182 720 3279 quod
736 3185 914 3280 majorem
931 3180 1086 3278 requirit
1102 3180 1190 3271 vim,
1209 3205 1320 3277 quam

272 3296 356 3393 quis
385 3295 493 3369 facile
519 3295 710 3369 crederet:
740 3295 804 3368 fila
829 3294 891 3367 illa
915 3293 1034 3367 vitrea
1059 3294 1186 3368 omnia
1210 3293 1318 3367 simul

270 3410 409 3483 flectes.
473 3410 596 3507 Atque
634 3408 764 3496 eadem
798 3408 894 3480 flexa
927 3406 1163 3495 tenebuntur,
1198 3396 1319 3479 donec

271 3535 380 3618 rupto
409 3523 507 3596 vitro
536 3522 574 3595 in
601 3522 632 3596 C
657 3522 767 3595 simul
790 3520 918 3594 omnia
950 3519 1165 3592 liberentur.
1221 3518 1318 3592 ‘lum

269 3659 358 3709 vcro
376 3635 499 3708 subito
517 3635 626 3708 simul
647 3634 771 3707 omnia
796 3633 965 3707 resilient
984 3631 1101 3726 (velut
1117 3654 1225 3704 arcus
1242 3630 1318 3705 fra-

269 3747 353 3844 gilis
371 3760 410 3821 et
428 3748 582 3833 nimium
604 3759 743 3835 tensuS,
769 3760 880 3842 rupto
904 3744 1035 3839 nervo)
1057 3743 1095 3817 in
1118 3744 1317 3840 particulas

269 3860 568 3935 innumerabiles.

320 3976 369 4050 Α.
397 3974 500 4048 Nihil
516 3973 759 4047 verisimilius
811 3973 859 4047 Et
886 3984 1030 4060 natura,
1057 3971 1088 4043 si
1113 3969 1153 4042 in
1178 3970 1316 4043 aliare

268 4088 355 4177 ulla,
374 4089 412 4160 in
434 4087 506 4160 hac
530 4110 569 4159 se
593 4085 769 4182 prodidit,
788 4096 827 4158 et
852 4085 890 4158 in
917 4085 981 4158 illa
1005 4082 1051 4156 de
1083 4083 1316 4157 restitutione

268 4203 487 4276 laminarum
502 4201 539 4274 iu
554 4200 718 4274 ballistis.
756 4199 842 4275 Quo
855 4199 1098 4296 phaenomeno
1111 4197 1315 4295 suppositio
