2888 4988
313 381 386 448 514
588 393 876 456 cuanmruua
894 390 1080 457 crucum,

100 586 298 647 mmmm
311 562 427 636 lineas
445 561 506 654 (ut
522 560 633 634 modo
649 560 742 654 dixi)
767 582 891 657 puras,
918 558 958 632 id
982 568 1043 632 est
1067 555 1240 638 nihilias;
1254 560 1359 650 'quas

127 656 272 690 ’β
312 674 474 749 calculus
490 675 737 770 geometricus
753 696 829 746 non
847 671 991 767 recipit.
1039 670 1180 758 Tertio,
1197 667 1289 764 quia
1314 690 1360 739 ex

312 787 456 862 duabus
472 787 584 860 rectis
600 787 676 873 ΑΖ,
687 787 749 876 Zc,
765 785 998 882 longitudine
1009 783 1227 880 equalibus,
1243 779 1360 854 altera

312 902 378 976 ΑΖ
394 924 481 974 vere
497 911 536 974 et
552 901 702 998 proprie
718 912 776 975 est
795 899 1065 995 rectaugulum,
1082 898 1202 970 altera
1217 895 1270 968 Ze
1284 905 1360 967 tra-

313 1014 473 1111 pezium.
526 1013 633 1103 ltem,
650 1024 761 1087 rectae
788 1036 1015 1108 omnesquae
1030 1025 1215 1085 vocantur
1243 1009 1361 1082 latera

314 1125 596 1222 triangulorum,
613 1138 699 1200 suut
727 1140 766 1199 et
792 1127 880 1222 ipsae
896 1123 1095 1221 triangula.
1147 1123 1307 1212 Quarto,
1324 1134 1361 1195 et

314 1240 510 1336 praecipue,
521 1240 608 1336 quia
624 1239 860 1313 arithmetica
871 1239 988 1312 nihilo
1001 1238 1119 1334 magis
1131 1238 1299 1334 pertinet
1313 1236 1359 1308 ad

314 1352 567 1447 geometriam,
581 1375 691 1448 quam
715 1351 763 1424 ad
791 1352 902 1424 aliam
925 1351 1128 1446 quamlibet
1154 1349 1360 1422 scientiam.

315 1465 360 1539 Iu
376 1465 591 1560 geometria,
602 1464 705 1538 nulla
717 1464 905 1552 estradis,
918 1464 1060 1537 nullum
1075 1463 1261 1560 quotiens.
1291 1463 1360 1535 lta-

316 1600 388 1673 que
405 1578 469 1674 qui
494 1601 540 1650 ex
557 1579 833 1675 operationibus
860 1577 1103 1652 arithmeticis
1132 1578 1362 1650 theoremata

315 1692 543 1786 geometriae
570 1693 822 1766 demonstrare
844 1692 938 1766 velle
963 1690 1187 1780 didicerunt,
1211 1714 1362 1788 operam

316 1814 354 1877 et
372 1815 519 1901 tempus
535 1805 788 1902 perdiderunt.

367 1917 705 2014 Quantumcunque
719 1931 844 1991 autem
856 1919 895 1990 in
908 1919 1070 1992 numeris
1081 1918 1130 1991 sit
1141 1915 1363 2013 quadratum

317 2030 365 2103 ab
383 2029 453 2118 Ac,
470 2042 591 2104 rectas
607 2045 732 2103 tamen
749 2031 825 2118 AZ,
839 2030 901 2118 Ze,
919 2030 1027 2104 simul
1044 2042 1222 2126 sumptas,
1239 2053 1362 2125 aequa-

317 2142 372 2215 les
388 2165 468 2216 esse
490 2143 592 2217 arcui
619 2143 694 2235 BC,
711 2144 751 2218 in
777 2143 1068 2241 procedentibus
1094 2144 1183 2218 satis
1210 2142 1363 2216 demon-

318 2267 476 2330 stratum
490 2268 559 2330 est.

370 2369 551 2443 Caeterum
570 2369 671 2466 erige
688 2371 864 2461 animum,
875 2370 1076 2444 Professor.
1103 2369 1247 2443 Nuntio
1265 2368 1363 2443 enim

319 2483 400 2572 tibi,
429 2482 500 2555 uisi
527 2481 732 2579 diagonalis
749 2483 817 2558 AG
843 2496 883 2557 et
909 2495 1012 2558 recta
1028 2483 1076 2556 Bi
1097 2483 1152 2555 ita
1167 2504 1207 2554 se
1233 2494 1364 2555 mutuo

319 2609 457 2685 secent,
480 2608 522 2670 ut
552 2620 597 2669 ex
623 2609 781 2692 quatuor
800 2597 967 2693 partibus
990 2597 1163 2684 maxima,
1180 2619 1265 2691 quae
1291 2609 1364 2668 ter-

318 2710 483 2783 minatur
500 2710 536 2782 in
556 2709 582 2797 i,
600 2711 649 2782 sit
666 2733 794 2782 secans
813 2717 861 2783 30
878 2709 1059 2805 paduam
1077 2721 1309 2804 sumptorum
1326 2707 1364 2777 in

319 2848 408 2897 arcu
427 2823 507 2912 1303
535 2835 572 2896 et
588 2824 756 2919 proxima
772 2822 838 2911 illi,
857 2847 940 2919 quae
963 2823 1182 2895 terminatur
1199 2821 1239 2893 iu
1256 2820 1301 2909 G,
1317 2821 1365 2893 sit
1397 2842 1401 2851 ·

319 2937 420 3015 sinus
433 2960 540 3010 arcus
556 2945 606 3012 60
619 2936 798 3033 graduum
818 2937 857 3010 in
874 2936 1005 3009 eodem
1019 2935 1157 3009 circulo
1173 2969 1183 3020 ;
1201 2947 1242 3008 et
1257 2958 1363 3032 prox·

319 3051 393 3124 ima
406 3051 505 3139 huic,
524 3075 606 3147 quae
624 3051 844 3124 terminatur
860 3052 899 3124 iu
917 3051 960 3138 B,
979 3051 1028 3122 sit
1044 3072 1173 3123 secans
1189 3071 1298 3121 arcus
1315 3055 1363 3121 30

318 3162 501 3259 graduum
523 3165 561 3236 in
588 3163 726 3236 circulo
750 3166 855 3259 cujus
881 3163 1008 3236 radius
1039 3176 1097 3236 est
1127 3163 1195 3259 Bq,
1211 3163 1271 3235 vel
1289 3162 1364 3234 Ae:

319 3288 358 3359 et
371 3277 522 3350 minima
535 3300 618 3371 quae
632 3275 851 3348 terminatur
864 3277 902 3348 in
917 3276 965 3364 A,
979 3276 1026 3349 sit
1039 3277 1140 3348 sinus
1157 3298 1265 3348 arcus
1282 3298 1365 3370 gra-

320 3388 436 3460 duum
453 3396 502 3463 60
519 3390 558 3461 in
577 3388 706 3461 eodem
725 3389 873 3478 circulo,
889 3391 993 3485 cujus
1010 3389 1134 3462 radius
1151 3401 1209 3463 est
1227 3388 1294 3485 Bq,
1307 3387 1365 3461 vel

319 3501 398 3584 Ae3
426 3500 549 3573 omnia
566 3524 648 3597 quae
671 3501 711 3573 in
738 3500 1032 3597 praecedentibus
1048 3503 1148 3576 visus
1175 3524 1257 3574 aum
1274 3498 1364 3572 mihi

320 3616 605 3702 demonstrasse,
619 3615 712 3687 falsa
722 3639 811 3689 esse.
840 3615 1060 3712 Dependent
1073 3616 1171 3688 enim
1189 3639 1212 3686 a
1227 3635 1364 3710 praece-

320 3729 491 3802 dentibus
509 3753 607 3801 nexu
625 3730 843 3813 necessario,
859 3744 897 3802 et
914 3729 1021 3802 facile
1039 3729 1124 3801 inde
1138 3727 1271 3800 deduci
1284 3749 1363 3822 pos-

320 3855 407 3914 sunt
436 3867 459 3915 a
488 3843 666 3915 mediocri
697 3857 897 3938 geometra.
960 3844 1165 3938 Accingere
1195 3866 1285 3937 ergo
1314 3839 1362 3913 ad

320 3979 423 4050 spem
453 3979 597 4044 novam,
629 3969 667 4028 et
692 3958 903 4051 geometriae
930 3971 1004 4030 tuae
1035 3980 1166 4029 nervos
1192 3956 1240 4048 (si
1273 3977 1364 4050 quos

320 4068 448 4162 habet)
469 4069 620 4141 intende
639 4094 775 4142 omnes.

373 4182 526 4255 Quaeres
569 4183 723 4255 fortasse
764 4182 998 4257 dissensionis
1042 4186 1140 4257 inter
1184 4183 1366 4256 calculum

321 4296 593 4368 arithmeticum
624 4310 662 4369 et
688 4298 953 4392 geometricum
982 4323 1063 4393 quae
1088 4298 1136 4371 sit
1167 4321 1300 4380 causa3
1328 4313 1367 4369 et

321 4437 445 4486 meum
463 4439 541 4489 esse
561 4414 659 4488 dices
681 4418 777 4512 (quae
796 4430 850 4492 est
873 4431 937 4494 tua
951 4422 1108 4516 justitia)
1134 4443 1282 4495 causam
1309 4442 1365 4494 as·
