2888 5002
397 434 677 487 Pnoannmana
698 434 894 488 onustos.
1096 421 1169 487 359

177 601 227 674 A.
254 601 294 674 Si
312 602 365 673 ita
378 614 446 691 est,
465 625 539 674 non
557 625 650 698 opus
665 611 722 674 est
740 612 784 673 ut
801 613 838 672 te
861 600 1087 695 interrogem
1105 623 1171 675 cur
1213 632 1281 672 cm.
1297 632 1352 673 vn.

125 715 298 788 limatura
320 715 422 804 ferri,
448 715 621 812 imposita
647 714 811 810 magneti
836 713 875 785 in
899 711 1075 786 distantia
1091 715 1171 810 qni·
1184 699 1356 815 fflffi

126 829 211 901 dem
239 830 284 902 ab
314 830 429 925 ipsius
456 829 550 926 polis
575 828 750 925 utrinque
777 827 921 923 aequali,
945 828 1085 922 jacebit
1111 821 1328 902 anipeufficulul
1342 827 1384 867 ²¹⁰·

126 943 321 1039 parallelo:
339 943 377 1016 in
395 943 475 1016 aliis
492 954 616 1016 autem
629 943 719 1015 locis
732 941 970 1014 inclinabitur
983 941 1030 1015 ad
1044 941 1170 1038 polum

128 1058 309 1151 magnetis
334 1057 403 1130 sibi
430 1056 650 1152 proximum.
701 1056 781 1129 Nec
805 1079 931 1152 quare,
954 1056 985 1128 si
1012 1056 1171 1129 obelisco

127 1169 246 1243 ferreo
263 1193 413 1265 magnes
436 1169 624 1242 affricetur
644 1167 760 1242 ductu
783 1169 973 1256 continu0,
991 1170 1171 1243 obeliscus

127 1283 189 1357 ille
206 1281 355 1356 eosdem
372 1280 523 1353 habebit
539 1280 653 1377 polos.
722 1280 852 1377 Neque
875 1305 941 1354 cur
965 1306 1116 1378 magnes
1133 1295 1172 1355 et

127 1396 279 1483 ferrum,
296 1395 373 1468 sive
400 1393 474 1467 duo
497 1404 697 1490 magnetes,
716 1417 826 1491 snper
848 1419 980 1492 aquam
1001 1406 1172 1468 natantes

128 1506 288 1582 altered
305 1507 461 1580 alterum
478 1507 531 1579 ita
547 1530 587 1579 se
614 1506 785 1603 applicet,
802 1518 846 1580 ut
869 1532 997 1581 eorum
1021 1507 1099 1580 axis
1123 1508 1174 1581 sit

129 1621 347 1710 communis,
377 1632 415 1694 et
446 1620 522 1716 poli
552 1621 688 1693 similes
722 1621 760 1694 in
795 1621 949 1694 eandem
984 1623 1173 1720 regionem

129 1746 320 1830 spectent;
346 1745 384 1806 et
401 1756 468 1829 per
487 1756 713 1830 consequens
734 1733 869 1807 similes
885 1736 961 1832 poli
978 1760 1017 1808 se
1044 1746 1173 1809 mutuo

131 1846 321 1943 repellant.
385 1847 482 1920 Nam
501 1847 626 1921 omnia
642 1847 723 1922 haec
741 1848 829 1921 oriri
857 1860 1012 1944 possunt
1028 1849 1074 1922 ab
1092 1848 1173 1922 uni-

131 1985 202 2034 one
215 1972 394 2035 motuum.
