2888 5002
374 443 556 498 cuanrro
576 443 770 509 arumna,
788 442 876 496 arc.
1075 426 1144 493 511

155 609 315 685 Videant
328 635 427 686 nuno
439 623 638 708 geometrae
650 612 851 708 omnesqui
864 608 1149 696 suntvelerunt,
1165 633 1208 676 nu
1223 634 1307 675 enon.
1323 636 1363 680 v..

104 746 153 796 au
166 724 373 798 convellere
384 725 465 799 haec
478 736 666 822 poterunt.
703 725 769 799 Sin
781 726 890 798 firme
901 724 989 811 sint,
999 721 1151 795 rideant
1189 703 1333 740 ”⁴

105 861 154 910 au
168 849 387 934 argumenta
399 837 634 928 Professoris,
646 861 729 934 quae
738 838 801 912 hio
814 849 853 912 et
865 837 903 911 in
915 834 1151 933 sequentibus

105 949 145 1023 in
171 951 399 1024 eontrarium
424 950 577 1025 adducit
602 951 847 1040 arithmetica,
866 949 978 1046 digna
994 949 1069 1023 sint
1093 972 1152 1022 re-

106 1063 325 1160 sponsione:
344 1076 443 1138 etan
457 1063 647 1138 Professor
659 1064 729 1137 iste
744 1063 1100 1137 demonstrationum
1112 1062 1152 1136 in

105 1177 313 1272 geometria
333 1176 448 1272 Judex
465 1177 619 1250 idoneus
636 1176 761 1251 fuerit.
813 1176 973 1249 Videant
990 1198 1103 1271 porro
1120 1175 1152 1247 si

107 1290 261 1385 qnaestio
280 1288 454 1387 deinceps
478 1292 576 1365 inter
598 1314 657 1364 me
681 1303 720 1365 et
745 1289 997 1364 arithmeticos
1015 1288 1062 1361 de
1083 1287 1153 1361 hae

106 1426 160 1491 re,
178 1403 251 1476 alia
273 1427 353 1477 esse
370 1403 486 1500 possit
509 1427 620 1500 quam
645 1404 691 1478 de
707 1405 893 1478 rationum
914 1424 1153 1475 numerorum

105 1514 145 1587 in
164 1516 371 1610 geometria
392 1516 649 1612 ineptitudine.
702 1517 778 1589 Illis
804 1528 929 1589 antem
953 1514 1152 1603 Professor,

106 1650 211 1725 prop.
228 1637 263 1717 5,
281 1634 318 1718 7,
333 1636 371 1717 9,
390 1637 447 1718 10,
466 1637 523 1719 11,
537 1641 577 1702 et
597 1638 654 1720 12,
668 1629 755 1704 solis
771 1629 902 1703 utitur.

379 1925 435 1978 An
455 1925 800 1978 PROPOSITIONEM
818 1926 877 1977 vl.

159 2056 449 2153 Propositionem
469 2055 567 2128 hano
589 2056 758 2129 absolvit.
811 2056 919 2129 Sanae
936 2079 1027 2151 ergo
1053 2065 1151 2144 sunt,

108 2194 193 2245 cum
207 2170 281 2244 suis
295 2168 509 2258 corollariis,
527 2168 657 2266 prima,
671 2169 795 2259 tertia,
809 2181 952 2265 qnerta,
968 2169 1099 2265 quinta
1114 2179 1153 2242 et

109 2296 225 2359 sexta.

373 2528 429 2582 AD
449 2528 794 2584 PROPOSI'HONEM
813 2530 889 2583 vll.

160 2658 327 2754 Septima
351 2669 420 2748 est,
443 2659 663 2757 quadratum
689 2660 736 2733 ab
753 2659 829 2748 AZ,
848 2658 906 2732 vel
931 2659 992 2750 Ze,
1010 2658 1151 2756 oequale

109 2784 167 2845 est
189 2780 233 2846 10
252 2770 442 2868 quadratis
461 2796 484 2845 a
500 2785 632 2868 quarta
656 2784 764 2869 parte
787 2773 898 2846 radii:
926 2798 1036 2870 qnam
1060 2772 1152 2844 dicit

109 2908 190 2959 esse
199 2885 341 2974 falsam,
353 2896 390 2959 et
402 2897 522 2960 rectas
533 2884 615 2977 AO,
623 2885 687 2960 AZ
698 2910 766 2984 pro
777 2887 978 2984 aeqnalibus
988 2897 1151 2982 sumptas

109 3022 189 3072 esse
205 2998 332 3095 gratis.

158 3112 279 3185 'lirum
297 3121 366 3199 est,
379 3111 508 3202 lector,
521 3113 593 3186 hoc
610 3110 823 3208 dijudicare.
860 3111 1091 3186 Quadratum
1105 3112 1151 3184 ab

109 3222 180 3300 AO
197 3225 338 3321 aequale
363 3238 420 3299 est
445 3233 468 3300 5
495 3225 685 3324 quadratis
711 3250 734 3299 a
758 3225 911 3299 dimidia
927 3225 1001 3315 GC,
1019 3225 1059 3299 id
1082 3238 1152 3314 est,

109 3337 334 3433 quadratum
351 3340 397 3412 ab
416 3336 485 3414 AO
504 3350 562 3412 est
577 3337 718 3434 aequale
736 3346 786 3413 20
799 3338 988 3435 quadratis
1006 3363 1029 3412 a
1044 3337 1153 3412 dimi-

109 3449 196 3525 dia·
215 3451 292 3525 GC.
344 3451 497 3526 Nullum
514 3452 576 3525 hic
594 3451 747 3525 dubium
764 3462 832 3524 est.
885 3448 1006 3542 Quare
1023 3465 1153 3526 centro

110 3563 157 3651 A,
174 3564 279 3638 radio
297 3565 377 3656 AO,
396 3565 428 3640 si
445 3565 603 3640 ducatur
619 3588 726 3638 arcus
739 3564 868 3638 circrdi
885 3588 1013 3639 seoans
1031 3565 1097 3639 AG
1114 3565 1153 3639 in

111 3702 145 3767 c,
171 3676 394 3774 quadratum
419 3680 466 3752 ab
492 3680 548 3752 Ae
572 3678 714 3775 aequale
739 3679 812 3752 erit
841 3687 890 3753 20
917 3678 1104 3775 quadratis
1131 3701 1154 3750 a

110 3803 243 3888 quarta
266 3803 373 3888 parte
388 3791 468 3880 GC,
486 3792 563 3865 sive
580 3801 629 3867 20
648 3791 915 3865 decimissextis
932 3791 1046 3865 totius
1063 3813 1153 3888 qna-

111 3903 210 3978 drati
227 3927 250 3977 a
267 3903 353 3989 G0;
379 3916 419 3978 et
443 3917 641 4003 propterea
657 3904 879 4002 quadratum
901 3927 925 3977 a
947 3903 997 3976 Ze
1013 3904 1154 4000 aequale

109 4026 167 4091 est
188 4025 233 4091 10
251 4016 516 4091 decimissextis
533 4017 705 4115 quadrati
718 4040 742 4090 a
757 4017 832 4092 GC.

162 4129 292 4227 Itaque
310 4127 467 4204 absurde
483 4129 572 4204 fecit
589 4130 777 4205 Professor
793 4130 983 4205 destruere
1000 4140 1153 4205 conatus

254 4380 277 4437 Ρ
300 4378 351 4442 Sie
363 4378 432 4440 edit
450 4381 536 4440 1669.
580 4376 685 4452 Quare
700 4381 859 4456 “aqnarte
871 4377 998 4458 pand?
