2888 4988
83 633 151 677 CAP.
167 637 232 681 xlx.

86 705 230 738 s--ru

59 761 184 820 Propo-itio

59 825 215 876 dam-uxta

276 433 350 499 446
419 446 474 500 DE
494 445 727 500 Patucu’ns
747 445 799 499 ΕΤ
817 444 1181 498 atrlocttuaulotttt

275 613 408 711 Itaque
434 615 592 710 angulus
614 612 836 688 semicirculi
853 611 989 709 angulo
1007 623 1110 686 recto
1128 611 1326 686 rectilineo

273 737 331 800 est
348 727 512 824 aqualis.

325 842 454 937 Itaque
481 838 718 913 manifestum
747 846 803 911 est
832 836 1010 934 angulum
1044 837 1324 936 contingentia,

274 955 344 1028 etsi
361 954 548 1054 quantitas
562 954 622 1038 sit,
641 975 716 1025 non
738 963 865 1024 tamen
890 974 971 1024 esse
995 952 1239 1047 quantitatem
1257 976 1327 1026 an·

274 1069 365 1167 guli,
383 1068 448 1142 sed
475 1067 721 1164 quantitatem
748 1064 884 1139 diversi
905 1065 1061 1161 generis,
1079 1089 1211 1162 nempe
1236 1089 1326 1140 cur-

274 1181 438 1255 vedinis:
464 1192 507 1255 ut
524 1203 635 1277 supra
652 1191 841 1253 ostensum
858 1190 925 1253 est.
978 1178 1125 1252 Erravit
1139 1204 1229 1278 ergo
1247 1180 1325 1255 hoc

274 1293 357 1369 loco
391 1294 576 1383 Euclides,
610 1293 787 1390 deceptus
816 1316 841 1366 a
868 1292 925 1366 sui
954 1292 1070 1388 ipsius
1104 1293 1324 1369 definitione

272 1407 413 1504 puncti.
465 1408 510 1480 ln
540 1408 792 1481 controversia
817 1418 943 1480 autem
969 1406 1069 1479 inter
1089 1406 1258 1481 Clarium
1281 1420 1324 1482 et

272 1520 510 1595 Pelletarium
538 1520 584 1594 de
610 1519 746 1616 angulo
782 1531 987 1609 contactus,
1017 1519 1154 1594 veritas
1188 1533 1271 1596 erat
1298 1547 1325 1595 a

270 1645 378 1730 parte
396 1633 600 1708 Pelletarii:
626 1633 689 1730 qui
718 1633 892 1707 sustinuit
917 1633 1093 1729 angulum
1123 1644 1324 1709 contactus

271 1748 516 1842 quantitatem
533 1770 609 1819 non
627 1769 708 1819 esse
724 1745 823 1819 illius
835 1746 973 1842 anguli,
985 1757 1023 1820 et
1040 1747 1194 1844 angulos
1211 1749 1325 1823 semi-

271 1860 495 1934 circulorum
511 1870 633 1933 rectos
657 1882 736 1933 esse
762 1881 900 1949 omnes,
918 1870 957 1932 et
973 1858 1071 1932 inter
1087 1882 1126 1933 se
1143 1862 1323 1958 aequales.

323 1972 435 2047 Quod
452 1983 577 2046 autem
593 1971 721 2068 anguli
739 1969 989 2044 semicirculo·
1039 2017 1055 2053 Β
1307 1983 1324 2018 ¹

272 2108 353 2159 rum
382 2095 469 2158 sunt
496 2086 594 2158 inter
621 2107 660 2156 se
684 2083 852 2179 aquales
871 2105 916 2156 ex
944 2106 989 2157 eo
1039 2109 1057 2145 υ

272 2220 418 2294 quoque
443 2196 649 2293 intelligere
675 2206 780 2291 potes
803 2195 904 2292 quod
931 2219 993 2269 sn-

272 2334 341 2406 pra
358 2309 626 2394 demonstravi;
650 2308 824 2383 similium
841 2332 993 2383 arcuum
1213 2369 1229 2404 κ

273 2421 431 2520 aequales
461 2445 540 2495 esse
568 2423 797 2496 curvedines.
862 2423 992 2519 Itaque
1066 2466 1082 2496 a

1272 2299 1289 2335 0

273 2535 467 2632 descriptis
486 2533 628 2609 duobus
646 2537 850 2609 sectoribus
863 2536 1052 2624 similibus
1066 2532 1177 2621 ABG,
1191 2532 1295 2606 ΑΒΕ
1309 2562 1320 2615 ;

273 2647 464 2745 ductisque
475 2648 711 2744 tangentibus
723 2649 795 2738 BF,
806 2648 886 2736 DG,
900 2662 938 2722 et
951 2646 1134 2721 subtensis
1148 2645 1319 2734 BC‚DE:

271 2762 460 2858 aequaliter
477 2761 716 2835 declinabunt
738 2785 845 2835 arcus
863 2760 940 2851 BC,
952 2762 1017 2835 DE
1031 2785 1055 2834 a
1076 2758 1320 2855 tangentibus

271 2875 345 2964 FB,
359 2875 438 2963 DG,
456 2886 609 2971 propter
625 2875 874 2970 aequalitatem
887 2873 1097 2949 curvedinis
1114 2873 1190 2945 sive
1212 2871 1320 2944 flexi-

272 2988 353 3061 onis
370 2987 498 3084 primae
515 3011 539 3060 a
554 2988 703 3084 punctis
722 2987 751 3059 B
770 3000 807 3062 et
825 2989 873 3063 D.
914 2987 1089 3085 AEquales
1108 3009 1196 3082 ergo
1213 2997 1320 3058 utro·

270 3101 380 3199 bique
391 3113 477 3175 sunt
494 3100 621 3198 anguli
638 3101 915 3197 contingentia,
928 3114 978 3191 et,
991 3124 1058 3197 per
1074 3120 1318 3196 consequens

271 3215 383 3288 etiam
400 3214 527 3310 anguli
544 3214 870 3288 semicirculorum.

319 3325 509 3399 Judicabis
533 3327 623 3400 item
646 3326 692 3400 dc
715 3326 888 3401 doctrina
914 3325 985 3399 hac
1004 3324 1123 3398 elavit
1145 3347 1192 3396 ex
1208 3323 1314 3398 t'oetu.

271 3438 369 3513 Nam
385 3451 552 3514 monstra
567 3440 655 3514 inde
671 3451 760 3513 nata
777 3452 874 3515 sunt.
906 3440 1070 3513 Primum
1086 3438 1158 3511 hoc
1175 3438 1316 3534 ipsum:

272 3552 446 3650 Argutos
468 3553 779 3627 semicirculorum
806 3578 889 3626 ease
913 3551 1142 3650 inequales:
1168 3564 1317 3624 contra-

270 3665 366 3737 rium
392 3667 492 3738 enim
517 3666 656 3740 lumine
683 3667 844 3740 naturali
871 3667 959 3741 satis
987 3665 1221 3739 manifestum
1245 3675 1315 3736 est.

271 3779 482 3853 Secundum
504 3781 596 3854 hoc:
629 3780 830 3853 Trou-titur
848 3805 873 3853 a
897 3781 1036 3853 minore
1053 3779 1108 3852 ad
1126 3780 1257 3873 majus,
1276 3786 1316 3850 et

262 3916 340 3988 per
357 3893 478 3965 omnia
493 3893 626 3981 media,
645 3918 712 3965 nec
730 3902 851 3966 tamen
868 3917 945 3990 per
963 3891 1132 3990 ecquale:
1157 3890 1198 3963 id
1214 3889 1316 3985 quod

269 4030 380 4080 nemo
405 4007 572 4102 cogitans
594 4030 669 4079 non
687 4005 829 4079 videret
855 4030 935 4080 esse
960 4007 1104 4079 falsum.
1156 4004 1230 4078 Sed
1259 4005 1316 4076 ita

270 4133 337 4207 est,
356 4133 398 4193 ut
416 4144 524 4193 nemo
542 4120 618 4192 fere
636 4119 746 4192 hodie
763 4121 1044 4216 philosophetur
1062 4144 1139 4207 suc,
1153 4117 1219 4191 sed
1236 4140 1315 4189 ma-

268 4233 375 4328 gistri
388 4233 541 4328 alicujus
557 4232 724 4327 ingenio:
742 4232 898 4328 ideoque
912 4233 949 4305 in
961 4232 1120 4305 absurda
1130 4229 1313 4318 incidunt,

269 4368 344 4416 non
361 4345 468 4417 aliter
486 4369 597 4441 quam
614 4343 770 4418 totidem
789 4368 874 4418 oves
891 4345 1095 4441 principem
1113 4345 1237 4441 gregis
1255 4367 1313 4416 se-

269 4470 440 4554 quentur,
458 4458 528 4532 etsi
545 4460 583 4532 in
602 4482 703 4533 mare
717 4482 756 4533 se
772 4457 1031 4555 praecipitaret.
