<?xml version="1.0" encoding="UTF-8"?>
<!DOCTYPE html PUBLIC "-//W3C//DTD XHTML 1.0 Transitional//EN"
    "http://www.w3.org/TR/xhtml1/DTD/xhtml1-transitional.dtd">
<html xmlns="http://www.w3.org/1999/xhtml" xml:lang="en" lang="en">
 <head>
  <title>
</title>
<meta http-equiv="Content-Type" content="text/html;charset=utf-8" />
  <meta name='ocr-system' content='tesseract 3.04.00' />
  <meta name='ocr-capabilities' content='ocr_page ocr_carea ocr_par ocr_line ocrx_word'/>
</head>
<body>
  <div class='ocr_page' id='page_1' title='image "./operaphilosophi01molegoog/operaphilosophi01molegoog_0204.png"; bbox 0 0 2888 5002; ppageno 0'>
   <div class='ocr_carea' id='block_1_1' title="bbox 364 411 1170 487">
    <p class='ocr_par' dir='ltr' id='par_1_1' title="bbox 364 411 1170 487">
     <span class='ocr_line' id='line_1_1' title="bbox 364 411 1170 487; baseline -0.015 0"><span class='ocrx_word' id='word_1_1' title='bbox 364 432 680 487; x_wconf 69' lang='lat' dir='ltr'><em>uacuummcm</em></span> <span class='ocrx_word' id='word_1_2' title='bbox 699 430 943 485; x_wconf 70' lang='lat' dir='ltr'><em>flammeum.</em></span> <span class='ocrx_word' id='word_1_3' title='bbox 1109 411 1170 477; x_wconf 90' lang='grc'><em>191</em></span> 
     </span>
    </p>
   </div>
   <div class='ocr_carea' id='block_1_2' title="bbox 135 596 1365 1491">
    <p class='ocr_par' dir='ltr' id='par_1_2' title="bbox 135 596 1365 1359">
     <span class='ocr_line' id='line_1_2' title="bbox 137 596 1364 697; baseline -0.01 -21"><span class='ocrx_word' id='word_1_4' title='bbox 137 603 370 678; x_wconf 87' lang='lat' dir='ltr'><em>Bdescribat</em></span> <span class='ocrx_word' id='word_1_5' title='bbox 383 603 518 676; x_wconf 87' lang='lat' dir='ltr'><em>lineam</em></span> <span class='ocrx_word' id='word_1_6' title='bbox 531 601 702 697; x_wconf 88' lang='lat' dir='ltr'><em>aliquam,</em></span> <span class='ocrx_word' id='word_1_7' title='bbox 714 610 806 694; x_wconf 86' lang='lat' dir='ltr'><em>puta</em></span> <span class='ocrx_word' id='word_1_8' title='bbox 819 596 953 671; x_wconf 85' lang='lat' dir='ltr'><strong>BEFC.</strong></span> <span class='ocrx_word' id='word_1_9' title='bbox 982 596 1075 669; x_wconf 86' lang='lat' dir='ltr'>Dico</span> <span class='ocrx_word' id='word_1_10' title='bbox 1090 597 1178 691; x_wconf 86' lang='lat' dir='ltr'><strong>jam,</strong></span> <span class='ocrx_word' id='word_1_11' title='bbox 1213 608 1364 651; x_wconf 67' lang='lat' dir='ltr'>¹&gt;1AL0⁰11³</span> 
     </span>
     <span class='ocr_line' id='line_1_3' title="bbox 135 691 1365 808; baseline -0.011 -16"><span class='ocrx_word' id='word_1_12' title='bbox 135 718 167 792; x_wconf 86' lang='lat' dir='ltr'><em>si</em></span> <span class='ocrx_word' id='word_1_13' title='bbox 180 718 275 792; x_wconf 84' lang='lat' dir='ltr'><em>ratio</em></span> <span class='ocrx_word' id='word_1_14' title='bbox 292 719 358 791; x_wconf 87' lang='lat' dir='ltr'><em>AC</em></span> <span class='ocrx_word' id='word_1_15' title='bbox 375 717 423 790; x_wconf 87' lang='lat' dir='ltr'><em>ad</em></span> <span class='ocrx_word' id='word_1_16' title='bbox 441 717 507 790; x_wconf 86' lang='lat' dir='ltr'><em>AG</em></span> <span class='ocrx_word' id='word_1_17' title='bbox 525 715 573 788; x_wconf 85' lang='lat' dir='ltr'><em>sit</em></span> <span class='ocrx_word' id='word_1_18' title='bbox 586 714 714 788; x_wconf 89' lang='lat' dir='ltr'><em>eadem</em></span> <span class='ocrx_word' id='word_1_19' title='bbox 737 737 820 808; x_wconf 91' lang='lat' dir='ltr'><em>quae</em></span> <span class='ocrx_word' id='word_1_20' title='bbox 848 712 943 784; x_wconf 84' lang='lat' dir='ltr'><em>ratio</em></span> <span class='ocrx_word' id='word_1_21' title='bbox 960 709 1026 784; x_wconf 82' lang='lat' dir='ltr'><em>AB</em></span> <span class='ocrx_word' id='word_1_22' title='bbox 1040 709 1088 782; x_wconf 86' lang='lat' dir='ltr'><em>ad</em></span> <span class='ocrx_word' id='word_1_23' title='bbox 1105 710 1179 797; x_wconf 85' lang='lat' dir='ltr'><em>GE,</em></span> <span class='ocrx_word' id='word_1_24' title='bbox 1224 691 1365 794; x_wconf 51' lang='lat' dir='ltr'><em>...vg-2</em></span> 
     </span>
     <span class='ocr_line' id='line_1_4' title="bbox 136 823 1180 927; baseline -0.01 -23"><span class='ocrx_word' id='word_1_25' title='bbox 136 831 297 927; x_wconf 82' lang='lat' dir='ltr'><em>spatium</em></span> <span class='ocrx_word' id='word_1_26' title='bbox 315 829 474 903; x_wconf 82' lang='lat' dir='ltr'><strong>ABEFC</strong></span> <span class='ocrx_word' id='word_1_27' title='bbox 490 851 570 901; x_wconf 85' lang='lat' dir='ltr'>esse</span> <span class='ocrx_word' id='word_1_28' title='bbox 585 827 632 900; x_wconf 92' lang='lat' dir='ltr'><em>ad</em></span> <span class='ocrx_word' id='word_1_29' title='bbox 644 826 803 922; x_wconf 89' lang='lat' dir='ltr'><em>spatium</em></span> <span class='ocrx_word' id='word_1_30' title='bbox 816 824 976 898; x_wconf 87' lang='lat' dir='ltr'><strong>DCFEB</strong></span> <span class='ocrx_word' id='word_1_31' title='bbox 987 836 1030 896; x_wconf 90' lang='lat' dir='ltr'><em>ut</em></span> <span class='ocrx_word' id='word_1_32' title='bbox 1045 832 1058 896; x_wconf 95' lang='lat' dir='ltr'><strong>l</strong></span> <span class='ocrx_word' id='word_1_33' title='bbox 1077 823 1125 896; x_wconf 90' lang='lat' dir='ltr'><em>ad</em></span> <span class='ocrx_word' id='word_1_34' title='bbox 1143 831 1180 906; x_wconf 89' lang='lat' dir='ltr'><em>l;</em></span> 
     </span>
     <span class='ocr_line' id='line_1_5' title="bbox 136 935 1182 1035; baseline -0.011 -17"><span class='ocrx_word' id='word_1_35' title='bbox 136 945 274 1018; x_wconf 86' lang='lat' dir='ltr'>sivero</span> <span class='ocrx_word' id='word_1_36' title='bbox 300 943 396 1015; x_wconf 85' lang='lat' dir='ltr'><em>ratio</em></span> <span class='ocrx_word' id='word_1_37' title='bbox 419 941 485 1015; x_wconf 81' lang='lat' dir='ltr'><em>Ac</em></span> <span class='ocrx_word' id='word_1_38' title='bbox 501 941 550 1013; x_wconf 88' lang='lat' dir='ltr'><em>ad</em></span> <span class='ocrx_word' id='word_1_39' title='bbox 567 940 634 1013; x_wconf 85' lang='lat' dir='ltr'><em>AG</em></span> <span class='ocrx_word' id='word_1_40' title='bbox 651 940 700 1012; x_wconf 85' lang='lat' dir='ltr'><em>sit</em></span> <span class='ocrx_word' id='word_1_41' title='bbox 727 939 914 1035; x_wconf 88' lang='lat' dir='ltr'><em>duplicata</em></span> <span class='ocrx_word' id='word_1_42' title='bbox 945 936 1099 1010; x_wconf 89' lang='lat' dir='ltr'><em>rationis</em></span> <span class='ocrx_word' id='word_1_43' title='bbox 1116 935 1182 1007; x_wconf 89' lang='lat' dir='ltr'><em>AB</em></span> 
     </span>
     <span class='ocr_line' id='line_1_6' title="bbox 137 1047 1182 1152; baseline -0.011 -21"><span class='ocrx_word' id='word_1_44' title='bbox 137 1058 186 1131; x_wconf 87' lang='lat' dir='ltr'><em>ad</em></span> <span class='ocrx_word' id='word_1_45' title='bbox 203 1057 280 1144; x_wconf 83' lang='lat' dir='ltr'><em>GE,</em></span> <span class='ocrx_word' id='word_1_46' title='bbox 297 1056 458 1152; x_wconf 86' lang='lat' dir='ltr'><em>spatium</em></span> <span class='ocrx_word' id='word_1_47' title='bbox 471 1053 631 1127; x_wconf 81' lang='lat' dir='ltr'><strong>DBEFC</strong></span> <span class='ocrx_word' id='word_1_48' title='bbox 649 1077 729 1126; x_wconf 90' lang='lat' dir='ltr'>esse</span> <span class='ocrx_word' id='word_1_49' title='bbox 759 1052 808 1125; x_wconf 85' lang='lat' dir='ltr'><em>ad</em></span> <span class='ocrx_word' id='word_1_50' title='bbox 837 1052 996 1148; x_wconf 87' lang='lat' dir='ltr'><em>spatium</em></span> <span class='ocrx_word' id='word_1_51' title='bbox 1024 1047 1182 1122; x_wconf 84' lang='lat' dir='ltr'>ACFEB</span> 
     </span>
     <span class='ocr_line' id='line_1_7' title="bbox 136 1163 1183 1264; baseline -0.01 -20"><span class='ocrx_word' id='word_1_52' title='bbox 136 1185 182 1244; x_wconf 82' lang='lat' dir='ltr'><em>ut</em></span> <span class='ocrx_word' id='word_1_53' title='bbox 202 1180 218 1244; x_wconf 93' lang='lat' dir='ltr'><strong>l</strong></span> <span class='ocrx_word' id='word_1_54' title='bbox 235 1169 285 1242; x_wconf 88' lang='lat' dir='ltr'><em>ad</em></span> <span class='ocrx_word' id='word_1_55' title='bbox 301 1179 324 1243; x_wconf 85' lang='lat'>2</span> <span class='ocrx_word' id='word_1_56' title='bbox 340 1200 349 1253; x_wconf 89' lang='lat'><strong>;</strong></span> <span class='ocrx_word' id='word_1_57' title='bbox 376 1170 406 1241; x_wconf 86' lang='lat' dir='ltr'><em>si</em></span> <span class='ocrx_word' id='word_1_58' title='bbox 424 1168 622 1264; x_wconf 86' lang='lat' dir='ltr'><em>triplicata,</em></span> <span class='ocrx_word' id='word_1_59' title='bbox 640 1176 682 1240; x_wconf 88' lang='lat' dir='ltr'><em>ut</em></span> <span class='ocrx_word' id='word_1_60' title='bbox 700 1175 714 1239; x_wconf 96' lang='lat' dir='ltr'><strong>l</strong></span> <span class='ocrx_word' id='word_1_61' title='bbox 733 1166 782 1239; x_wconf 86' lang='lat' dir='ltr'><em>ad</em></span> <span class='ocrx_word' id='word_1_62' title='bbox 800 1175 823 1238; x_wconf 87' lang='lat'><strong>3</strong></span> <span class='ocrx_word' id='word_1_63' title='bbox 838 1196 848 1248; x_wconf 88' lang='lat'>;</span> <span class='ocrx_word' id='word_1_64' title='bbox 875 1178 911 1239; x_wconf 94' lang='lat' dir='ltr'><em>et</em></span> <span class='ocrx_word' id='word_1_65' title='bbox 930 1165 983 1238; x_wconf 87' lang='lat' dir='ltr'><em>sic</em></span> <span class='ocrx_word' id='word_1_66' title='bbox 998 1163 1183 1258; x_wconf 84' lang='lat' dir='ltr'><strong>deinceps.</strong></span> 
     </span>
     <span class='ocr_line' id='line_1_8' title="bbox 139 1281 392 1359; baseline -0.02 -1"><span class='ocrx_word' id='word_1_67' title='bbox 139 1281 392 1359; x_wconf 81' lang='lat' dir='ltr'><em>Intellextin&#39;?</em></span> 
     </span>
    </p>

    <p class='ocr_par' dir='ltr' id='par_1_3' title="bbox 189 1392 1184 1491">
     <span class='ocr_line' id='line_1_9' title="bbox 189 1392 1184 1491; baseline -0.005 -22"><span class='ocrx_word' id='word_1_68' title='bbox 189 1397 241 1469; x_wconf 90' lang='lat' dir='ltr'><em>B.</em></span> <span class='ocrx_word' id='word_1_69' title='bbox 266 1394 451 1491; x_wconf 75' lang='lat' dir='ltr'><em>intelligo,</em></span> <span class='ocrx_word' id='word_1_70' title='bbox 462 1406 501 1467; x_wconf 88' lang='lat' dir='ltr'><em>et</em></span> <span class='ocrx_word' id='word_1_71' title='bbox 511 1392 692 1489; x_wconf 89' lang='lat' dir='ltr'><em>siquidem</em></span> <span class='ocrx_word' id='word_1_72' title='bbox 702 1393 756 1466; x_wconf 87' lang='lat' dir='ltr'><em>ita</em></span> <span class='ocrx_word' id='word_1_73' title='bbox 766 1416 846 1466; x_wconf 88' lang='lat' dir='ltr'>esse</span> <span class='ocrx_word' id='word_1_74' title='bbox 864 1392 1184 1482; x_wconf 84' lang='lat' dir='ltr'>demonstraveris,</span> 
     </span>
    </p>
   </div>
   <div class='ocr_carea' id='block_1_3' title="bbox 138 1506 1186 1706">
    <p class='ocr_par' dir='ltr' id='par_1_4' title="bbox 138 1506 1186 1706">
     <span class='ocr_line' id='line_1_10' title="bbox 138 1506 1186 1603; baseline -0.003 -20"><span class='ocrx_word' id='word_1_75' title='bbox 138 1509 249 1583; x_wconf 85' lang='lat' dir='ltr'>video</span> <span class='ocrx_word' id='word_1_76' title='bbox 267 1532 346 1582; x_wconf 85' lang='lat' dir='ltr'>esse</span> <span class='ocrx_word' id='word_1_77' title='bbox 364 1507 579 1580; x_wconf 85' lang='lat' dir='ltr'><em>facillimum</em></span> <span class='ocrx_word' id='word_1_78' title='bbox 597 1506 845 1603; x_wconf 84' lang='lat' dir='ltr'><strong>pamboloidis</strong></span> <span class='ocrx_word' id='word_1_79' title='bbox 863 1508 1114 1603; x_wconf 88' lang='lat' dir='ltr'><em>cujuscunque</em></span> <span class='ocrx_word' id='word_1_80' title='bbox 1138 1507 1186 1580; x_wconf 84' lang='lat' dir='ltr'><em>ad</em></span> 
     </span>
     <span class='ocr_line' id='line_1_11' title="bbox 140 1606 1186 1706; baseline -0.007 -21"><span class='ocrx_word' id='word_1_81' title='bbox 140 1635 249 1685; x_wconf 85' lang='lat' dir='ltr'><em>suum</em></span> <span class='ocrx_word' id='word_1_82' title='bbox 266 1608 663 1706; x_wconf 82' lang='lat' dir='ltr'><strong>parallelogrammum,</strong></span> <span class='ocrx_word' id='word_1_83' title='bbox 677 1618 714 1681; x_wconf 91' lang='lat' dir='ltr'><em>et</em></span> <span class='ocrx_word' id='word_1_84' title='bbox 742 1606 906 1680; x_wconf 87' lang='lat' dir='ltr'><em>concidis</em></span> <span class='ocrx_word' id='word_1_85' title='bbox 935 1609 1186 1702; x_wconf 88' lang='lat' dir='ltr'><em>cujuscunque</em></span> 
     </span>
    </p>
   </div>
   <div class='ocr_carea' id='block_1_4' title="bbox 130 1720 1224 3520">
    <p class='ocr_par' dir='ltr' id='par_1_5' title="bbox 141 1720 1186 1818">
     <span class='ocr_line' id='line_1_12' title="bbox 141 1720 1186 1818; baseline -0.005 -20"><span class='ocrx_word' id='word_1_86' title='bbox 141 1724 190 1798; x_wconf 91' lang='lat' dir='ltr'><em>ad</em></span> <span class='ocrx_word' id='word_1_87' title='bbox 206 1746 315 1797; x_wconf 84' lang='lat' dir='ltr'><em>suum</em></span> <span class='ocrx_word' id='word_1_88' title='bbox 332 1720 540 1818; x_wconf 87' lang='lat' dir='ltr'><strong>cylindrum</strong></span> <span class='ocrx_word' id='word_1_89' title='bbox 554 1721 736 1794; x_wconf 83' lang='lat' dir='ltr'><em>rationem</em></span> <span class='ocrx_word' id='word_1_90' title='bbox 754 1720 925 1793; x_wconf 81' lang='lat' dir='ltr'>exhibere</span> <span class='ocrx_word' id='word_1_91' title='bbox 943 1720 981 1793; x_wconf 91' lang='lat' dir='ltr'><em>in</em></span> <span class='ocrx_word' id='word_1_92' title='bbox 1011 1721 1186 1793; x_wconf 84' lang='lat' dir='ltr'><em>numeris.</em></span> 
     </span>
    </p>

    <p class='ocr_par' dir='ltr' id='par_1_6' title="bbox 130 1832 1192 2724">
     <span class='ocr_line' id='line_1_13' title="bbox 193 1832 1188 1930; baseline -0.005 -21"><span class='ocrx_word' id='word_1_93' title='bbox 193 1836 243 1910; x_wconf 81' lang='lat' dir='ltr'><em>A.</em></span> <span class='ocrx_word' id='word_1_94' title='bbox 267 1833 798 1929; x_wconf 81' lang='lat' dir='ltr'><em>Assumoeutemprimo‚qu0d</em></span> <span class='ocrx_word' id='word_1_95' title='bbox 804 1858 874 1930; x_wconf 86' lang='lat' dir='ltr'><em>qua</em></span> <span class='ocrx_word' id='word_1_96' title='bbox 885 1834 1033 1906; x_wconf 80' lang='lat' dir='ltr'><em>ratione</em></span> <span class='ocrx_word' id='word_1_97' title='bbox 1043 1832 1188 1906; x_wconf 70' lang='lat' dir='ltr'><em>meabilis</em></span> 
     </span>
     <span class='ocr_line' id='line_1_14' title="bbox 142 1945 1189 2045; baseline -0.005 -22"><span class='ocrx_word' id='word_1_98' title='bbox 142 1947 323 2023; x_wconf 76' lang='lat' dir='ltr'><em>velocitas</em></span> <span class='ocrx_word' id='word_1_99' title='bbox 339 1955 515 2045; x_wconf 84' lang='lat' dir='ltr'><em>augetur,</em></span> <span class='ocrx_word' id='word_1_100' title='bbox 534 1945 664 2018; x_wconf 82' lang='lat' dir='ltr'><em>cadem</em></span> <span class='ocrx_word' id='word_1_101' title='bbox 681 1945 829 2018; x_wconf 83' lang='lat' dir='ltr'><em>ratione</em></span> <span class='ocrx_word' id='word_1_102' title='bbox 845 1947 1012 2044; x_wconf 69' lang='lat' dir='ltr'><em>augeri*</em></span> <span class='ocrx_word' id='word_1_103' title='bbox 1050 1971 1189 2043; x_wconf 79' lang='lat' dir='ltr'><em>quoque</em></span> 
     </span>
     <span class='ocr_line' id='line_1_15' title="bbox 143 2058 1190 2161; baseline -0.004 -25"><span class='ocrx_word' id='word_1_104' title='bbox 143 2062 275 2161; x_wconf 74' lang='lat' dir='ltr'><em>spatia</em></span> <span class='ocrx_word' id='word_1_105' title='bbox 287 2059 335 2134; x_wconf 84' lang='lat' dir='ltr'><em>ub</em></span> <span class='ocrx_word' id='word_1_106' title='bbox 348 2084 396 2132; x_wconf 86' lang='lat' dir='ltr'><em>ea</em></span> <span class='ocrx_word' id='word_1_107' title='bbox 413 2059 547 2132; x_wconf 75' lang='lat' dir='ltr'><em>iisdem</em></span> <span class='ocrx_word' id='word_1_108' title='bbox 563 2059 623 2132; x_wconf 86' lang='lat' dir='ltr'><em>vel</em></span> <span class='ocrx_word' id='word_1_109' title='bbox 635 2058 841 2157; x_wconf 71' lang='lat' dir='ltr'><em>(equalibus</em></span> <span class='ocrx_word' id='word_1_110' title='bbox 853 2059 1080 2159; x_wconf 78' lang='lat' dir='ltr'><em>temporibus</em></span> <span class='ocrx_word' id='word_1_111' title='bbox 1097 2083 1190 2158; x_wconf 80' lang='lat' dir='ltr'><em>per-</em></span> 
     </span>
     <span class='ocr_line' id='line_1_16' title="bbox 143 2171 1190 2270; baseline -0.003 -23"><span class='ocrx_word' id='word_1_112' title='bbox 143 2198 269 2248; x_wconf 77' lang='lat' dir='ltr'><em>cursa.</em></span> <span class='ocrx_word' id='word_1_113' title='bbox 297 2171 480 2260; x_wconf 86' lang='lat' dir='ltr'><em>Secundo,</em></span> <span class='ocrx_word' id='word_1_114' title='bbox 495 2171 642 2268; x_wconf 74' lang='lat' dir='ltr'><em>quodsi</em></span> <span class='ocrx_word' id='word_1_115' title='bbox 659 2172 757 2244; x_wconf 82' lang='lat' dir='ltr'><em>inter</em></span> <span class='ocrx_word' id='word_1_116' title='bbox 774 2171 1009 2246; x_wconf 72' lang='lat' dir='ltr'><em>duceremus</em></span> <span class='ocrx_word' id='word_1_117' title='bbox 1027 2173 1190 2270; x_wconf 69' lang='lat' dir='ltr'><em>interpu</em></span> 
     </span>
     <span class='ocr_line' id='line_1_17' title="bbox 144 2285 1191 2384; baseline -0.002 -24"><span class='ocrx_word' id='word_1_118' title='bbox 144 2297 283 2360; x_wconf 81' lang='lat' dir='ltr'><em>uantur</em></span> <span class='ocrx_word' id='word_1_119' title='bbox 314 2285 443 2358; x_wconf 77' lang='lat' dir='ltr'><em>medic</em></span> <span class='ocrx_word' id='word_1_120' title='bbox 472 2295 547 2358; x_wconf 87' lang='lat' dir='ltr'><em>tum</em></span> <span class='ocrx_word' id='word_1_121' title='bbox 573 2285 819 2358; x_wconf 69' lang='lat' dir='ltr'><em>arithmeticae</em></span> <span class='ocrx_word' id='word_1_122' title='bbox 849 2294 923 2357; x_wconf 87' lang='lat' dir='ltr'><em>tum</em></span> <span class='ocrx_word' id='word_1_123' title='bbox 952 2287 1191 2384; x_wconf 67' lang='lat' dir='ltr'><em>geometricae</em></span> 
     </span>
     <span class='ocr_line' id='line_1_18' title="bbox 144 2397 1192 2496; baseline 0 -23"><span class='ocrx_word' id='word_1_124' title='bbox 144 2422 295 2473; x_wconf 82' lang='lat' dir='ltr'><em>numero</em></span> <span class='ocrx_word' id='word_1_125' title='bbox 319 2399 487 2494; x_wconf 71' lang='lat' dir='ltr'><em>itfiuitoe,</em></span> <span class='ocrx_word' id='word_1_126' title='bbox 511 2398 570 2470; x_wconf 80' lang='lat' dir='ltr'><em>lue</em></span> <span class='ocrx_word' id='word_1_127' title='bbox 593 2408 631 2470; x_wconf 85' lang='lat' dir='ltr'><em>et</em></span> <span class='ocrx_word' id='word_1_128' title='bbox 656 2397 732 2471; x_wconf 72' lang='lat' dir='ltr'><em>itta</em></span> <span class='ocrx_word' id='word_1_129' title='bbox 749 2398 1004 2495; x_wconf 82' lang='lat' dir='ltr'><em>magnitudine</em></span> <span class='ocrx_word' id='word_1_130' title='bbox 1025 2425 1096 2472; x_wconf 86' lang='lat' dir='ltr'><em>nou</em></span> <span class='ocrx_word' id='word_1_131' title='bbox 1113 2400 1192 2496; x_wconf 60' lang='lat' dir='ltr'><em>dff-</em></span> 
     </span>
     <span class='ocr_line' id='line_1_19' title="bbox 130 2511 1192 2608; baseline 0.001 -24"><span class='ocrx_word' id='word_1_132' title='bbox 130 2511 271 2608; x_wconf 80' lang='lat' dir='ltr'><em>serent</em></span> <span class='ocrx_word' id='word_1_133' title='bbox 283 2539 298 2594; x_wconf 90' lang='lat'><em>,·</em></span> <span class='ocrx_word' id='word_1_134' title='bbox 322 2511 458 2584; x_wconf 77' lang='lat' dir='ltr'><em>saltem</em></span> <span class='ocrx_word' id='word_1_135' title='bbox 488 2511 716 2606; x_wconf 60' lang='lat' dir='ltr'><em>differentice</em></span> <span class='ocrx_word' id='word_1_136' title='bbox 743 2534 873 2584; x_wconf 84' lang='lat' dir='ltr'><em>earum</em></span> <span class='ocrx_word' id='word_1_137' title='bbox 900 2513 1057 2585; x_wconf 72' lang='lat' dir='ltr'><em>minores</em></span> <span class='ocrx_word' id='word_1_138' title='bbox 1083 2523 1192 2585; x_wconf 87' lang='lat' dir='ltr'><em>eruut</em></span> 
     </span>
     <span class='ocr_line' id='line_1_20' title="bbox 148 2624 674 2724; baseline -0.008 -25"><span class='ocrx_word' id='word_1_139' title='bbox 148 2624 317 2724; x_wconf 83' lang='lat' dir='ltr'><em>qualibet</em></span> <span class='ocrx_word' id='word_1_140' title='bbox 333 2624 540 2720; x_wconf 80' lang='lat' dir='ltr'><em>quantitate</em></span> <span class='ocrx_word' id='word_1_141' title='bbox 543 2625 674 2719; x_wconf 76' lang='lat' dir='ltr'><em>finita.</em></span> 
     </span>
    </p>

    <p class='ocr_par' dir='ltr' id='par_1_7' title="bbox 147 2734 1224 3520">
     <span class='ocr_line' id='line_1_21' title="bbox 199 2734 1193 2834; baseline -0.002 -23"><span class='ocrx_word' id='word_1_142' title='bbox 199 2734 249 2811; x_wconf 89' lang='lat' dir='ltr'><em>B.</em></span> <span class='ocrx_word' id='word_1_143' title='bbox 277 2737 485 2833; x_wconf 88' lang='lat' dir='ltr'><em>Utrumque</em></span> <span class='ocrx_word' id='word_1_144' title='bbox 518 2737 754 2810; x_wconf 83' lang='lat' dir='ltr'><em>manifestum</em></span> <span class='ocrx_word' id='word_1_145' title='bbox 790 2750 869 2821; x_wconf 91' lang='lat' dir='ltr'><em>est;</em></span> <span class='ocrx_word' id='word_1_146' title='bbox 900 2749 939 2810; x_wconf 86' lang='lat' dir='ltr'><em>et</em></span> <span class='ocrx_word' id='word_1_147' title='bbox 973 2750 1097 2834; x_wconf 85' lang='lat' dir='ltr'><em>potest</em></span> <span class='ocrx_word' id='word_1_148' title='bbox 1130 2737 1193 2810; x_wconf 90' lang='lat' dir='ltr'><em>de-</em></span> 
     </span>
     <span class='ocr_line' id='line_1_22' title="bbox 147 2849 1195 2946; baseline -0.001 -22"><span class='ocrx_word' id='word_1_149' title='bbox 147 2850 358 2924; x_wconf 84' lang='lat' dir='ltr'><em>monstrari.</em></span> <span class='ocrx_word' id='word_1_150' title='bbox 410 2849 507 2923; x_wconf 88' lang='lat' dir='ltr'><em>Nam</em></span> <span class='ocrx_word' id='word_1_151' title='bbox 535 2849 746 2946; x_wconf 90' lang='lat' dir='ltr'><em>incipiendo</em></span> <span class='ocrx_word' id='word_1_152' title='bbox 775 2876 798 2924; x_wconf 85' lang='lat' dir='ltr'><strong>a</strong></span> <span class='ocrx_word' id='word_1_153' title='bbox 824 2852 985 2924; x_wconf 86' lang='lat' dir='ltr'><strong>maxima</strong></span> <span class='ocrx_word' id='word_1_154' title='bbox 1014 2863 1195 2924; x_wconf 82' lang='lat' dir='ltr'><em>extrema-</em></span> 
     </span>
     <span class='ocr_line' id='line_1_23' title="bbox 148 2962 1196 3060; baseline 0.001 -24"><span class='ocrx_word' id='word_1_155' title='bbox 148 2987 244 3052; x_wconf 88' lang='lat' dir='ltr'><em>rum,</em></span> <span class='ocrx_word' id='word_1_156' title='bbox 264 2964 382 3060; x_wconf 88' lang='lat' dir='ltr'><strong>major</strong></span> <span class='ocrx_word' id='word_1_157' title='bbox 411 2973 467 3035; x_wconf 92' lang='lat' dir='ltr'><em>est</em></span> <span class='ocrx_word' id='word_1_158' title='bbox 493 2962 616 3035; x_wconf 84' lang='lat' dir='ltr'><em>medie</em></span> <span class='ocrx_word' id='word_1_159' title='bbox 642 2962 877 3037; x_wconf 86' lang='lat' dir='ltr'><em>arithmetica</em></span> <span class='ocrx_word' id='word_1_160' title='bbox 907 2988 1016 3060; x_wconf 87' lang='lat' dir='ltr'><em>quam</em></span> <span class='ocrx_word' id='word_1_161' title='bbox 1046 2989 1196 3060; x_wconf 82' lang='lat' dir='ltr'>geome-</span> 
     </span>
     <span class='ocr_line' id='line_1_24' title="bbox 149 3076 1196 3152; baseline 0.002 -3"><span class='ocrx_word' id='word_1_162' title='bbox 149 3076 258 3149; x_wconf 85' lang='lat' dir='ltr'><em>trica.</em></span> <span class='ocrx_word' id='word_1_163' title='bbox 324 3076 476 3150; x_wconf 77' lang='lat' dir='ltr'><em>Quanto</em></span> <span class='ocrx_word' id='word_1_164' title='bbox 510 3087 635 3148; x_wconf 85' lang='lat' dir='ltr'><em>autem</em></span> <span class='ocrx_word' id='word_1_165' title='bbox 665 3076 787 3150; x_wconf 88' lang='lat' dir='ltr'><em>minus</em></span> <span class='ocrx_word' id='word_1_166' title='bbox 821 3078 919 3151; x_wconf 86' lang='lat' dir='ltr'><em>inter</em></span> <span class='ocrx_word' id='word_1_167' title='bbox 951 3101 990 3151; x_wconf 92' lang='lat' dir='ltr'><em>se</em></span> <span class='ocrx_word' id='word_1_168' title='bbox 1021 3092 1196 3152; x_wconf 76' lang='lat' dir='ltr'><em>extremae</em></span> 
     </span>
     <span class='ocr_line' id='line_1_25' title="bbox 150 3189 1196 3278; baseline 0.003 -16"><span class='ocrx_word' id='word_1_169' title='bbox 150 3189 339 3278; x_wconf 86' lang='lat' dir='ltr'><em>differunt,</em></span> <span class='ocrx_word' id='word_1_170' title='bbox 357 3200 463 3262; x_wconf 83' lang='lat' dir='ltr'><em>tanto</em></span> <span class='ocrx_word' id='word_1_171' title='bbox 481 3189 689 3262; x_wconf 85' lang='lat' dir='ltr'><em>differentia</em></span> <span class='ocrx_word' id='word_1_172' title='bbox 706 3190 804 3263; x_wconf 85' lang='lat' dir='ltr'><em>inter</em></span> <span class='ocrx_word' id='word_1_173' title='bbox 815 3190 975 3264; x_wconf 86' lang='lat' dir='ltr'><em>mediam</em></span> <span class='ocrx_word' id='word_1_174' title='bbox 992 3193 1196 3265; x_wconf 86' lang='lat' dir='ltr'><em>arithmeti-</em></span> 
     </span>
     <span class='ocr_line' id='line_1_26' title="bbox 150 3302 1224 3401; baseline 0.004 -25"><span class='ocrx_word' id='word_1_175' title='bbox 150 3327 234 3376; x_wconf 85' lang='lat' dir='ltr'><em>cam</em></span> <span class='ocrx_word' id='word_1_176' title='bbox 251 3315 289 3376; x_wconf 92' lang='lat' dir='ltr'><em>et</em></span> <span class='ocrx_word' id='word_1_177' title='bbox 307 3302 572 3400; x_wconf 85' lang='lat' dir='ltr'><em>geometricam</em></span> <span class='ocrx_word' id='word_1_178' title='bbox 588 3303 711 3376; x_wconf 85' lang='lat' dir='ltr'><em>minor</em></span> <span class='ocrx_word' id='word_1_179' title='bbox 727 3316 794 3377; x_wconf 82' lang='lat' dir='ltr'><em>est.</em></span> <span class='ocrx_word' id='word_1_180' title='bbox 847 3304 978 3401; x_wconf 86' lang='lat' dir='ltr'><em>Itaque</em></span> <span class='ocrx_word' id='word_1_181' title='bbox 1009 3306 1040 3378; x_wconf 90' lang='lat' dir='ltr'><em>si</em></span> <span class='ocrx_word' id='word_1_182' title='bbox 1067 3306 1197 3380; x_wconf 87' lang='lat' dir='ltr'><em>mediae</em></span> <span class='ocrx_word' id='word_1_183' title='bbox 1220 3335 1224 3341; x_wconf 91' lang='lat'>·</span> 
     </span>
     <span class='ocr_line' id='line_1_27' title="bbox 151 3420 1197 3520; baseline 0 -25"><span class='ocrx_word' id='word_1_184' title='bbox 151 3435 232 3495; x_wconf 90' lang='lat' dir='ltr'><em>tum</em></span> <span class='ocrx_word' id='word_1_185' title='bbox 250 3420 495 3494; x_wconf 76' lang='lat' dir='ltr'><em>arithmeticae</em></span> <span class='ocrx_word' id='word_1_186' title='bbox 512 3429 592 3492; x_wconf 91' lang='lat' dir='ltr'><em>tum</em></span> <span class='ocrx_word' id='word_1_187' title='bbox 608 3421 844 3515; x_wconf 85' lang='lat' dir='ltr'><em>geometricae</em></span> <span class='ocrx_word' id='word_1_188' title='bbox 870 3422 1007 3518; x_wconf 91' lang='lat' dir='ltr'><em>ubique</em></span> <span class='ocrx_word' id='word_1_189' title='bbox 1034 3425 1197 3520; x_wconf 69' lang='lat' dir='ltr'><em>interpc</em></span> 
     </span>
    </p>
   </div>
   <div class='ocr_carea' id='block_1_5' title="bbox 151 3533 1200 3723">
    <p class='ocr_par' dir='ltr' id='par_1_8' title="bbox 151 3533 1200 3723">
     <span class='ocr_line' id='line_1_28' title="bbox 151 3533 1200 3633; baseline 0.001 -23"><span class='ocrx_word' id='word_1_190' title='bbox 151 3548 302 3625; x_wconf 79' lang='lat' dir='ltr'><em>nentur,</em></span> <span class='ocrx_word' id='word_1_191' title='bbox 325 3535 446 3608; x_wconf 87' lang='lat' dir='ltr'><em>minus</em></span> <span class='ocrx_word' id='word_1_192' title='bbox 468 3534 567 3607; x_wconf 88' lang='lat' dir='ltr'><em>inter</em></span> <span class='ocrx_word' id='word_1_193' title='bbox 594 3557 633 3608; x_wconf 88' lang='lat' dir='ltr'><em>se</em></span> <span class='ocrx_word' id='word_1_194' title='bbox 661 3533 832 3608; x_wconf 85' lang='lat' dir='ltr'><em>different</em></span> <span class='ocrx_word' id='word_1_195' title='bbox 863 3537 963 3609; x_wconf 90' lang='lat' dir='ltr'><em>omni</em></span> <span class='ocrx_word' id='word_1_196' title='bbox 991 3538 1200 3633; x_wconf 85' lang='lat' dir='ltr'><em>quantitate</em></span> 
     </span>
     <span class='ocr_line' id='line_1_29' title="bbox 153 3648 303 3723; baseline -0.027 0"><span class='ocrx_word' id='word_1_197' title='bbox 153 3648 303 3723; x_wconf 86' lang='lat' dir='ltr'><em>effabili.</em></span> 
     </span>
    </p>
   </div>
   <div class='ocr_carea' id='block_1_6' title="bbox 155 3759 1201 4062">
    <p class='ocr_par' dir='ltr' id='par_1_9' title="bbox 155 3759 1201 4062">
     <span class='ocr_line' id='line_1_30' title="bbox 206 3759 1199 3862; baseline 0.003 -28"><span class='ocrx_word' id='word_1_198' title='bbox 206 3761 256 3834; x_wconf 79' lang='lat' dir='ltr'><em>A.</em></span> <span class='ocrx_word' id='word_1_199' title='bbox 284 3761 413 3833; x_wconf 82' lang='lat' dir='ltr'>Recte.</span> <span class='ocrx_word' id='word_1_200' title='bbox 457 3760 587 3854; x_wconf 87' lang='lat' dir='ltr'><em>ltaque</em></span> <span class='ocrx_word' id='word_1_201' title='bbox 612 3759 652 3832; x_wconf 92' lang='lat' dir='ltr'><em>in</em></span> <span class='ocrx_word' id='word_1_202' title='bbox 682 3759 1024 3856; x_wconf 83' lang='lat' dir='ltr'><strong>parallelogrammo</strong></span> <span class='ocrx_word' id='word_1_203' title='bbox 1051 3763 1199 3862; x_wconf 84' lang='lat' dir='ltr'>ABCD</span> 
     </span>
     <span class='ocr_line' id='line_1_31' title="bbox 155 3871 1200 3972; baseline 0 -22"><span class='ocrx_word' id='word_1_204' title='bbox 155 3873 387 3970; x_wconf 85' lang='lat' dir='ltr'><em>concipiatur</em></span> <span class='ocrx_word' id='word_1_205' title='bbox 398 3871 495 3945; x_wconf 84' lang='lat' dir='ltr'><em>latus</em></span> <span class='ocrx_word' id='word_1_206' title='bbox 508 3872 579 3945; x_wconf 85' lang='grc' dir='ltr'><em>ΑΒ</em></span> <span class='ocrx_word' id='word_1_207' title='bbox 590 3872 731 3945; x_wconf 89' lang='lat' dir='ltr'><em>moveri</em></span> <span class='ocrx_word' id='word_1_208' title='bbox 740 3873 790 3947; x_wconf 88' lang='lat' dir='ltr'><em>ad</em></span> <span class='ocrx_word' id='word_1_209' title='bbox 801 3873 898 3947; x_wconf 86' lang='lat' dir='ltr'><em>latus</em></span> <span class='ocrx_word' id='word_1_210' title='bbox 911 3875 983 3948; x_wconf 91' lang='lat' dir='ltr'><em>CD</em></span> <span class='ocrx_word' id='word_1_211' title='bbox 994 3876 1200 3972; x_wconf 69' lang='lat' dir='ltr'><em>parallelis,</em></span> 
     </span>
     <span class='ocr_line' id='line_1_32' title="bbox 156 3985 1201 4062; baseline -0.001 0"><span class='ocrx_word' id='word_1_212' title='bbox 156 4001 195 4062; x_wconf 89' lang='lat' dir='ltr'><em>et</em></span> <span class='ocrx_word' id='word_1_213' title='bbox 212 3985 397 4060; x_wconf 87' lang='lat' dir='ltr'><strong>movendo</strong></span> <span class='ocrx_word' id='word_1_214' title='bbox 415 3986 630 4060; x_wconf 83' lang='lat' dir='ltr'>decrescere</span> <span class='ocrx_word' id='word_1_215' title='bbox 650 3985 769 4059; x_wconf 89' lang='lat' dir='ltr'>donec</span> <span class='ocrx_word' id='word_1_216' title='bbox 782 3986 932 4060; x_wconf 82' lang='lat' dir='ltr'><em>tandem</em></span> <span class='ocrx_word' id='word_1_217' title='bbox 950 4001 1145 4062; x_wconf 86' lang='lat' dir='ltr'><em>evanescat</em></span> <span class='ocrx_word' id='word_1_218' title='bbox 1161 3990 1201 4061; x_wconf 91' lang='lat' dir='ltr'><em>in</em></span> 
     </span>
    </p>
   </div>
   <div class='ocr_carea' id='block_1_7' title="bbox 156 4098 1203 4309">
    <p class='ocr_par' dir='ltr' id='par_1_10' title="bbox 156 4098 1203 4309">
     <span class='ocr_line' id='line_1_33' title="bbox 156 4098 1203 4198; baseline 0.001 -25"><span class='ocrx_word' id='word_1_219' title='bbox 156 4111 297 4198; x_wconf 86' lang='lat' dir='ltr'><em>puncto</em></span> <span class='ocrx_word' id='word_1_220' title='bbox 315 4099 366 4184; x_wconf 62' lang='grc' dir='ltr'><em>(ὗς</em></span> <span class='ocrx_word' id='word_1_221' title='bbox 393 4109 431 4172; x_wconf 88' lang='lat' dir='ltr'><em>et</em></span> <span class='ocrx_word' id='word_1_222' title='bbox 447 4122 514 4194; x_wconf 88' lang='lat' dir='ltr'><em>per</em></span> <span class='ocrx_word' id='word_1_223' title='bbox 530 4098 643 4172; x_wconf 84' lang='lat' dir='ltr'><em>talem</em></span> <span class='ocrx_word' id='word_1_224' title='bbox 660 4112 802 4172; x_wconf 88' lang='lat' dir='ltr'><em>motum</em></span> <span class='ocrx_word' id='word_1_225' title='bbox 820 4099 1002 4198; x_wconf 87' lang='lat' dir='ltr'><em>descripta</em></span> <span class='ocrx_word' id='word_1_226' title='bbox 1019 4102 1066 4174; x_wconf 88' lang='lat' dir='ltr'><em>sit</em></span> <span class='ocrx_word' id='word_1_227' title='bbox 1082 4102 1203 4195; x_wconf 85' lang='lat' dir='ltr'><strong>figura</strong></span> 
     </span>
     <span class='ocr_line' id='line_1_34' title="bbox 159 4211 1202 4309; baseline 0.001 -23"><span class='ocrx_word' id='word_1_228' title='bbox 159 4213 352 4301; x_wconf 69' lang='grc' dir='ltr'><strong>ΑΒΕῈΟ,</strong></span> <span class='ocrx_word' id='word_1_229' title='bbox 388 4212 518 4286; x_wconf 89' lang='lat' dir='ltr'><em>relicto</em></span> <span class='ocrx_word' id='word_1_230' title='bbox 554 4211 826 4308; x_wconf 89' lang='lat' dir='ltr'><em>complemento</em></span> <span class='ocrx_word' id='word_1_231' title='bbox 870 4213 1011 4286; x_wconf 81' lang='lat' dir='ltr'><strong>DCFE</strong></span> <span class='ocrx_word' id='word_1_232' title='bbox 1021 4214 1061 4302; x_wconf 90' lang='lat' dir='ltr'><em>B,</em></span> <span class='ocrx_word' id='word_1_233' title='bbox 1098 4215 1202 4309; x_wconf 90' lang='lat' dir='ltr'><em>cujus</em></span> 
     </span>
    </p>
   </div>
   <div class='ocr_carea' id='block_1_8' title="bbox 537 4398 824 4458">
    <p class='ocr_par' dir='ltr' id='par_1_11' title="bbox 537 4398 824 4458">
     <span class='ocr_line' id='line_1_35' title="bbox 537 4398 824 4458; baseline -0.007 -1"><span class='ocrx_word' id='word_1_234' title='bbox 537 4399 554 4432; x_wconf 71' lang='lat'>⁸</span> <span class='ocrx_word' id='word_1_235' title='bbox 578 4398 627 4458; x_wconf 87' lang='lat' dir='ltr'><em>Sic</em></span> <span class='ocrx_word' id='word_1_236' title='bbox 641 4398 720 4456; x_wconf 70' lang='lat' dir='ltr'><em>mit.</em></span> <span class='ocrx_word' id='word_1_237' title='bbox 739 4401 824 4457; x_wconf 85' lang='grc'><strong>1668.</strong></span> 
     </span>
    </p>
   </div>
   <div class='ocr_carea' id='block_1_9' title="bbox 0 0 1478 5002">
    <p class='ocr_par' dir='ltr' id='par_1_12' title="bbox 0 0 1478 5002">
     <span class='ocr_line' id='line_1_36' title="bbox 0 0 1478 5002; baseline 0 0"><span class='ocrx_word' id='word_1_238' title='bbox 0 0 1478 5002; x_wconf 95' lang='lat' dir='ltr'><em> </em></span> 
     </span>
    </p>
   </div>
  </div>
 </body>
</html>
