2888 4988
284 385 357 462 5⁰2
609 405 790 468 cussum
810 400 1001 461 eruimus.

105 599 190 642 mr·
205 599 237 642 ¹.
284 575 411 650 eadem
430 575 560 673 quinta
575 590 680 673 parte
697 600 804 650 arcus
815 576 902 650 BC:
921 576 1090 673 denique,
1103 573 1326 672 quadratum

99 669 243 705 ’μ’
283 711 307 762 a
324 688 386 763 OG
403 688 451 762 ad
468 688 690 786 quadratum
706 690 753 764 ab
770 691 842 766 ΥΩ
857 714 936 763 esse
953 702 996 763 ut
1017 699 1062 764 10
1078 689 1127 763 ad
1144 698 1180 764 8.

282 845 285 849 «
333 802 593 876 Examinemus
623 805 702 878 haec
725 804 805 899 jem
834 828 901 900 per
930 802 1114 901 Regulam
1144 803 1325 876 Auream.

284 915 594 1012 Multiplieetur8
621 914 660 989 in
687 939 739 1005 se,
755 916 876 990 faetus
906 915 979 988 erit
1003 923 1073 988 64:
1098 915 1161 1012 qui
1186 914 1327 989 divisus

282 1052 350 1126 per
385 1037 440 1118 10,
467 1029 557 1102 facit
584 1029 810 1125 quotientem
837 1026 991 1125 61-pro
1021 1028 1202 1126 quadrato
1221 1052 1247 1101 a
1262 1028 1327 1100 Ze.

286 1140 360 1214 Sed
387 1142 605 1238 quadratum
632 1167 656 1216 a
681 1142 732 1215 Ze
758 1152 815 1216 est
841 1154 974 1238 quarta
996 1165 1082 1238 pars
1107 1141 1280 1238 quadrati
1305 1165 1328 1214 a

280 1265 367 1328 τοῖο
385 1277 473 1327 areu
491 1253 565 1343 Bc,
589 1254 666 1327 sive
692 1267 824 1351 quarta
851 1278 938 1351 pars
954 1263 1002 1328 25
1022 1253 1288 1351 quadratorum
1305 1276 1328 1326 a

286 1368 415 1464 quinta
430 1379 535 1464 parte
552 1391 658 1441 arcus
676 1368 760 1454 BC;
786 1379 825 1442 et
844 1367 999 1465 proinde
1016 1369 1088 1441 erit
1104 1367 1149 1447 di
1168 1390 1328 1464 quorum

280 1479 350 1553 60
379 1479 599 1576 quadratum
628 1491 685 1554 est
715 1489 772 1557 10.
837 1487 962 1561 Quare
985 1478 1037 1574 6÷
1056 1495 1095 1555 et
1117 1480 1162 1560 fii
1190 1480 1328 1555 debent

286 1615 365 1666 esse
382 1594 553 1690 aequales,
569 1617 638 1667 nec
656 1606 755 1668 sunt.
806 1595 993 1668 Differuut
1010 1594 1164 1668 enimin
1181 1593 1327 1668 ratione

289 1701 383 1798 {md
399 1703 450 1799 ξ,
467 1706 506 1780 id
523 1717 638 1781 estut
656 1716 679 1781 8
697 1721 735 1782 et
753 1717 788 1792 5,
806 1707 865 1780 vel
886 1715 929 1781 16
947 1719 986 1780 et
1008 1714 1065 1782 10.

336 1820 489 1910 Rursus,
507 1821 728 1917 quadratum
744 1845 767 1895 a
783 1820 835 1895 Zc
850 1820 989 1918 aequale
1003 1831 1061 1895 est
1082 1827 1126 1895 10
1137 1817 1327 1916 quadratis

286 1955 310 2006 a
335 1944 466 2029 quarta
497 1945 603 2030 parte
627 1933 753 2007 luteris
781 1932 855 2022 OG,
882 1946 922 2006 et
948 1931 1169 2029 quadratum
1195 1931 1243 2005 ab
1268 1929 1327 2003 1ιὶ,

286 2045 425 2141 aequale
443 2056 499 2120 est
517 2053 540 2119 8
557 2046 745 2143 quadratis
762 2047 809 2120 ab
826 2044 955 2119 eadem
981 2057 1113 2142 quarta
1138 2055 1245 2142 parte
1274 2044 1328 2117 la-

287 2158 377 2230 teris
401 2157 474 2233 06.
528 2159 652 2233 Quare
674 2159 892 2255 quadratum
924 2159 971 2232 ab
1000 2158 1043 2230 eb
1071 2158 1221 2233 deberet
1248 2181 1328 2231 esse

287 2270 427 2367 aequale
449 2267 509 2363 6}-
531 2270 719 2367 quadratis
747 2296 771 2345 a
801 2285 933 2368 quarta
962 2283 1067 2368 parte
1096 2272 1222 2346 luteris
1252 2271 1328 2345 CG.

288 2382 361 2457 Sed
379 2383 598 2480 quadratum
614 2384 661 2457 ab
680 2383 724 2457 eb
742 2384 817 2457 sive
835 2385 890 2457 Ae
906 2395 1093 2457 ostensum
1110 2397 1167 2456 est
1187 2384 1329 2480 aequale

282 2503 332 2590 ’δὲ
361 2495 547 2592 quadratis
574 2520 597 2568 a
627 2507 757 2591 quarta
786 2507 891 2592 parte
916 2495 1041 2568 lateris
1072 2495 1146 2569 06.
1198 2496 1328 2592 Itaque

287 2611 422 2683 iterum
440 2609 621 2706 reperitur
638 2610 815 2683 dissensio
837 2610 963 2683 similis
982 2610 1127 2706 prioris,

338 2723 489 2812 Rursus,
503 2723 588 2818 quia
605 2723 864 2819 quadratuma
878 2723 941 2796 06
953 2723 1092 2818 aequale
1110 2736 1168 2796 est
1186 2731 1229 2796 10
1242 2747 1329 2818 qua·

289 2835 404 2908 dratis
421 2860 444 2908 a
460 2836 588 2931 quinta
612 2848 716 2932 purte
739 2861 845 2910 arcus
863 2837 937 2924 Βο,
956 2836 1173 2931 quadratum
1192 2837 1239 2909 ab
1257 2836 1328 2921 hu,

289 2948 388 3045 quod
418 2959 473 3021 est
499 2948 689 3021 dimidium
720 2949 890 3045 quadrati
912 2973 935 3021 a
957 2948 1032 3036 CG,
1050 2949 1121 3020 erit
1147 2949 1327 3046 aequale5

288 3061 476 3157 quadratis
494 3061 540 3134 ab
564 3061 692 3135 eadem
716 3063 847 3158 quinta
873 3075 977 3158 parte
1000 3086 1106 3134 arcus
1125 3063 1202 3134 BC.
1255 3062 1329 3136 Sed

289 3174 508 3270 quadratum
526 3175 571 3247 ab
588 3174 631 3246 eb
648 3189 835 3248 ostensum
862 3188 919 3248 est
940 3175 1077 3270 aequale
1100 3200 1179 3248 esse
1198 3185 1220 3247 4
1239 3200 1330 3273 quu-

290 3288 403 3361 dratis
421 3289 468 3362 ab
486 3288 614 3361 eadem
633 3290 761 3384 quinta
778 3301 883 3386 parte
900 3312 1007 3361 arcus
1027 3288 1103 3363 BC.
1154 3290 1222 3362 Est
1239 3312 1330 3384 ergo

290 3400 509 3497 quadratum
536 3402 581 3475 ab
599 3401 655 3473 lrL
675 3401 722 3474 ad
749 3403 968 3498 quadratum
994 3404 1041 3475 ab
1065 3402 1108 3474 eb
1124 3414 1166 3475 ut
1184 3412 1205 3475 5
1225 3402 1275 3475 ad
1292 3405 1329 3476 4.

290 3513 370 3586 Fiat
392 3515 481 3609 jam,
505 3515 612 3610 juxta
631 3514 815 3613 Regulam
834 3515 1011 3604 Auream,
1029 3528 1072 3587 ut
1090 3526 1111 3588 5
1130 3515 1178 3588 ud
1195 3525 1217 3588 4
1236 3516 1326 3589 itas

289 3627 515 3711 adtertiam;
534 3628 673 3725 eritque
692 3628 754 3702 illa
766 3629 877 3703 tertia
890 3630 931 3705 3}
948 3652 1015 3723 pro
1027 3629 1206 3723 quadrato
1217 3639 1330 3702 reetae

283 3766 358 3814 mu.
411 3742 595 3816 Quoniam
626 3754 749 3814 autem
781 3755 882 3815 reeta
899 3741 979 3830 AO,
1001 3742 1060 3814 vel
1087 3743 1153 3831 Ac,
1182 3753 1330 3815 ostensa

290 3866 346 3928 est
378 3854 500 3926 media
526 3855 810 3950 proportionalis
836 3855 933 3928 inter
965 3878 1092 3927 arcum
1111 3854 1173 3927 Βο
1193 3867 1231 3927 et
1249 3857 1328 3951 ejus

290 3969 474 4040 semissem
491 3998 500 4050 ;
527 3968 596 4039 erit
614 3991 759 4063 quoque
777 3994 846 4057 mu,
865 3992 946 4062 quae
967 3980 1022 4041 est
1040 3968 1198 4041 semissis
1216 3980 1329 4042 reetae

290 4080 371 4170 ΑΟ,
389 4081 510 4154 media
535 4082 820 4177 proportionalis
844 4083 941 4154 inter
962 4106 1087 4155 arcum
1113 4081 1328 4177 quadrantis

291 4194 463 4291 descripti
489 4195 534 4268 ab
552 4194 610 4267 ΑΙι
628 4208 665 4269 et
693 4195 879 4269 semissem
907 4196 998 4290 ejus,
1016 4196 1055 4271 id
1077 4208 1145 4288 est,
1165 4197 1263 4271 iuter
1278 4197 1329 4271 Zc
