2888 4988
128 598 213 638 raon.
229 597 261 638 11.

120 667 265 703 κ-τυ

307 394 379 463 494
624 406 807 460 cunano
827 406 1020 459 sunnon.

306 574 378 648 erit
394 574 576 671 quadrato
593 574 624 648 F
625 573 717 651 GHI
734 575 960 672 parallelum,
977 585 1016 647 et
1033 573 1251 646 distinctum
1268 592 1354 666 par-

305 687 406 759 tibus
423 687 553 761 iisdem
571 689 704 785 quihus
722 688 963 784 distinguitur
980 687 1202 782 quadratum
1230 685 1354 781 ipsum

307 797 430 875 FGHI
447 801 485 873 in
503 801 611 874 dictis
628 801 787 897 punctis.
841 803 963 897 Atque
980 799 1079 873 idem
1096 799 1304 894 continget,
1322 797 1354 868 si

306 913 446 987 eaedem
463 915 785 1011 perpendiculares
802 912 993 1010 productae
1021 913 1095 987 sint
1121 914 1171 986 ad
1193 909 1355 985 eandem

307 1026 553 1112 altitudinem,
571 1027 649 1116 AC,
666 1026 763 1100 infra
779 1027 1023 1100 horizontem.

359 1140 547 1230 Similiter,
565 1141 595 1213 si
613 1142 652 1213 in
669 1140 817 1237 punctis
828 1140 876 1227 Q,
884 1139 923 1228 P,
930 1143 961 1228 θ,
968 1140 1013 1229 R,
1025 1174 1056 1229 η,
1067 1146 1095 1227 Ζ,
1103 1139 1142 1227 S,
1153 1171 1178 1227 ε,
1194 1138 1275 1226 t,T,
1282 1183 1315 1233 γ,
1321 1160 1353 1224 a,

307 1252 346 1326 iu
363 1253 597 1327 altitudinem
614 1254 681 1327 AY
699 1254 889 1349 erigantur
904 1252 1227 1350 perpendiculares
1240 1274 1355 1346 supra

306 1365 549 1454 horizontem,
567 1366 718 1463 planum
735 1366 888 1439 ductum
913 1390 981 1463 per
1003 1367 1149 1440 illarum
1172 1364 1354 1439 terminos

305 1478 378 1552 erit
394 1478 574 1575 quadrato
592 1476 721 1569 QRST
737 1479 963 1575 parallelum.
1006 1479 1129 1575 Atque
1147 1478 1247 1551 idem
1265 1502 1355 1551 eon·

306 1592 426 1688 tinget
443 1592 555 1666 etiam
572 1592 669 1666 iufra
684 1593 939 1666 horizontem:
966 1604 1146 1689 eruntque
1162 1592 1255 1665 faeti
1277 1590 1352 1664 duo

306 1705 402 1797 cubi,
422 1727 579 1801 quorum
601 1705 717 1778 latera
734 1719 820 1778 suut
838 1705 908 1778 GH
927 1717 966 1778 et
992 1705 1074 1780 ott.
1127 1706 1247 1801 Super
1264 1729 1353 1777 cen-

305 1830 405 1892 trum
423 1821 456 1890 A
475 1818 720 1892 constituatur
737 1817 958 1914 quadratum
985 1818 1084 1916 adsg
1100 1818 1243 1913 aequale
1259 1817 1351 1890 dua-

304 1930 374 2003 bus
402 1930 520 2006 tertiis
547 1932 662 2005 totius
680 1932 851 2027 quadrati
868 1929 1004 2006 GHIF.
1055 1928 1237 2022 Quoniam
1260 1954 1350 2026 ergo

305 2044 523 2140 quadratum
544 2043 671 2136 QRST
689 2045 828 2141 aequale
845 2058 901 2118 est
926 2045 1064 2118 circulo
1082 2044 1229 2134 BDCE,
1248 2045 1280 2118 si
1303 2043 1350 2117 ad

304 2170 444 2254 puncta
461 2156 504 2249 Q,
517 2158 563 2248 R,
577 2156 657 2247 S,T
679 2159 869 2256 erigantur
895 2171 1007 2232 rectae
1029 2158 1351 2255 perpendiculares

304 2295 460 2366 quarum
484 2295 714 2367 unaquaeque
735 2272 885 2367 aequalis
910 2271 957 2345 sit
980 2271 1160 2345 diametro
1185 2273 1260 2362 ΟΕ,
1286 2272 1351 2345 fiet

304 2384 463 2458 solidum
480 2384 734 2481 rectangulum
752 2384 892 2481 aequale
910 2385 1077 2482 cylindro
1095 2386 1301 2459 constituto
1311 2386 1349 2458 in

304 2497 434 2571 eadem
452 2497 659 2571 altitudine.

356 2612 479 2706 Hujus
509 2608 666 2706 cylindri
696 2609 779 2682 duae
809 2609 930 2683 tertiae
956 2610 1115 2707 aequales
1146 2620 1235 2682 sunt
1268 2611 1351 2706 (per

306 2721 583 2814 Archimedem)
594 2722 747 2816 sphaerae
765 2746 788 2794 a
806 2722 986 2797 diametro
1005 2725 1088 2796 CE:
1106 2747 1251 2818 nempe,
1265 2747 1350 2819 par-

304 2835 576 2933 allelipipedum
604 2837 860 2932 rectangulum
892 2840 996 2934 cujus
1021 2837 1177 2911 altitudo
1202 2846 1258 2909 est
1283 2861 1349 2934 ag,

305 2961 343 3024 et
360 2951 442 3023 duae
456 2949 701 3023 dimensiones
718 2950 868 3046 reliquae
886 2962 972 3024 sunt
984 2951 1051 3024 ΤΚ
1061 2962 1099 3024 et
1113 2949 1196 3038 ott,
1210 2949 1350 3044 aequale

304 3064 377 3136 erit
404 3064 568 3158 sphaerae.
631 3064 733 3137 lnter
759 3064 856 3137 latus
879 3063 947 3144 TQ
974 3073 1012 3136 et
1036 3062 1269 3136 altitudinem
1296 3086 1350 3159 ag

304 3189 471 3251 sumatur
500 3176 622 3250 media
651 3177 935 3274 proportionalis
962 3176 1020 3264 lm,
1050 3175 1350 3271 complenturque

306 3290 525 3386 quadratum
543 3288 650 3361 klmn.
692 3290 878 3364 Quoniam
892 3313 980 3384 ergo
998 3289 1115 3361 latera
1130 3289 1211 3376 Tu,
1223 3288 1283 3376 lm,
1295 3313 1350 3386 ag

306 3415 392 3476 sunt
411 3402 585 3475 continue
603 3403 905 3499 proportionalia,
923 3403 994 3474 erit
1016 3402 1236 3497 quadratum
1251 3401 1351 3473 kima

305 3515 445 3610 aequale
462 3515 675 3611 rectangulo
694 3517 761 3588 sub
777 3516 858 3604 To,
875 3540 940 3612 ag.
985 3515 1110 3589 Quare
1127 3514 1350 3610 quadratum

305 3627 403 3701 lrlmn
421 3627 574 3701 ductum
591 3628 630 3700 in
658 3652 764 3701 suum
789 3630 885 3702 latus
903 3628 950 3700 lm
969 3627 1111 3724 aequale
1132 3627 1204 3700 erit
1230 3627 1350 3700 solido

305 3743 372 3814 sub
389 3742 470 3828 To,
490 3741 548 3830 lm,
561 3766 625 3838 og.
671 3742 856 3823 Quoniam
874 3765 961 3836 ergo
979 3741 1073 3814 ratio
1092 3740 1264 3837 quadrati
1278 3739 1351 3812 ulra

304 3855 352 3928 ad
375 3855 594 3950 quadratum
618 3855 663 3927 ab
682 3880 747 3952 ug,
767 3854 953 3950 duplicata
977 3868 1033 3927 est
1059 3854 1213 3927 rationis
1240 3878 1350 3949 quam

305 3970 417 4042 habet
435 3968 591 4042 altitudo
610 3968 657 4040 lm
678 3968 725 4041 ad
743 3994 809 4066 og,
824 3981 861 4040 et
880 3969 1037 4041 altitudo
1049 3969 1119 4043 TQ
1129 3968 1177 4040 ad
1187 3965 1349 4040 altitudi-

305 4107 390 4154 nem
425 4108 479 4181 ug
510 4082 734 4177 duplicatam
769 4083 880 4155 habet
914 4083 1095 4154 rationem
1130 4083 1208 4176 ejus
1238 4104 1351 4176 quam

306 4196 416 4267 habet
443 4194 600 4267 altitudo
618 4195 688 4269 To
704 4194 752 4267 ad
779 4195 1012 4268 altitudinem
1039 4194 1099 4282 lm,
1116 4206 1226 4267 erunt
1243 4194 1350 4274 bases

307 4308 505 4381 solidorum
524 4309 591 4382 sub
608 4309 690 4398 TQ,
705 4308 764 4397 Itu,
778 4334 843 4407 og,
864 4322 901 4382 et
918 4308 1130 4382 altitudines
1148 4305 1350 4381 eorundem
