2888 5002
391 433 672 488 rsoaunnarn
690 436 885 490 enrslcn.
1085 424 1158 493 339

112 610 181 672 tua
205 597 251 671 de
278 611 383 673 motu
407 600 472 674 illo
496 601 749 698 reciprocante
772 602 934 700 partium
959 604 1159 679 minutissi·
1214 631 1282 673 cnr.
1297 634 1326 674 v·

113 734 257 785 marum
273 710 313 785 in
330 713 444 803 duris,
462 714 571 811 plane
590 713 734 789 videtur
750 716 842 790 mihi
859 716 1123 792 demonstrata.
1200 700 1343 803 HJ

161 825 230 898 Est
247 837 286 898 et
302 826 341 900 in
359 829 518 923 speculis
535 829 662 905 vitreis
691 830 808 928 (qnod
832 831 967 928 saepius
993 830 1158 906 animad-
1223 823 1322 873 “mm

111 938 222 1031 verti)
248 962 293 1013 ex
325 964 398 1036 quo
429 943 634 1040 suppositio
661 943 790 1018 eadem
814 968 891 1019 non
912 969 1044 1042 parum
1070 970 1158 1020 cou-

111 1053 303 1126 firmatur:
329 1055 515 1146 nimirum,
542 1058 660 1132 inesse
686 1059 725 1132 in
754 1060 852 1134 vitro
882 1073 1025 1136 motum
1053 1060 1157 1137 illum

112 1189 220 1263 quem
239 1167 331 1242 dicis
348 1183 523 1245 conatum
540 1172 701 1268 partium
719 1173 959 1250 internarum.

158 2309 248 2383 Esto
276 2309 375 2383 enim
402 2310 590 2406 speculum
615 2311 775 2385 vitreum
805 2311 902 2385 AB:
938 2310 1059 2407 sitque
1088 2310 1154 2384 ob-

105 2424 248 2520 jectum
265 2423 305 2497 in
318 2422 361 2515 C,
375 2423 552 2497 candela:
579 2425 706 2498 oculus
723 2425 827 2499 adD.
879 2425 965 2500 Jam
981 2449 1004 2498 a
1021 2422 1156 2497 refrac-

107 2537 270 2612 tionibus
303 2547 342 2612 et
374 2538 647 2612 reflectionibus
681 2538 847 2636 pluribus
881 2537 930 2610 ad
958 2549 1154 2632 utramque

106 2652 351 2747 superficiem,
371 2651 419 2741 (si
436 2651 557 2749 prima
571 2650 776 2726 incidentia
798 2650 888 2725 satis
906 2651 955 2725 sit
972 2650 1151 2746 obliqua),

106 2765 242 2838 multas
258 2765 367 2839 simul
382 2765 525 2839 videbis
543 2764 706 2838 candclae
722 2765 913 2862 imagines,
930 2776 974 2837 ut
990 2764 1034 2853 E,
1052 2764 1093 2854 F,
1108 2763 1151 2852 G,

106 2878 237 2952 ordine
253 2889 296 2952 ut
307 2878 369 2952 hic
384 2877 656 2952 describuntur.
692 2877 877 2952 Caeterum
894 2879 925 2951 si
938 2877 1087 2951 oculum
1103 2876 1153 2950 ad

107 2991 150 3081 Ο,
169 2991 360 3066 candelam
377 2992 425 3066 ad
443 2993 477 3066 D
495 2992 708 3082 transferas,
726 2991 957 3088 apparebunt
973 2991 1152 3087 imagines

104 3105 178 3179 illae
213 3106 341 3180 ordine
374 3129 451 3180 non
484 3106 615 3181 eodem
649 3130 722 3204 quo
752 3119 839 3179 ante
856 3116 974 3178 erant.
1040 3105 1152 3181 Quod

104 3230 230 3292 tamen
264 3219 494 3293 manifestius
527 3230 783 3317 cognoscetur,
818 3219 849 3292 si
883 3218 1073 3315 speculum
1102 3220 1151 3293 sit

104 3332 321 3422 coloratum,
338 3344 382 3406 ut
398 3333 553 3407 rubrum
568 3334 629 3407 rel
646 3334 855 3407 caentleum.
909 3332 983 3406 Sed
999 3355 1148 3406 causam

103 3446 183 3542 ejus
195 3445 334 3519 nullam
347 3446 543 3543 imaginari
559 3448 663 3544 potui
677 3460 762 3522 ante
778 3448 879 3522 hunc
892 3445 1001 3519 diem.
1039 3446 1149 3519 Nunc

102 3571 229 3632 autem
245 3559 327 3632 fieri
343 3583 451 3655 posse
468 3574 560 3656 puto
577 3584 601 3633 a
616 3572 754 3634 conatu
778 3560 841 3634 illo
864 3583 932 3655 per
956 3557 1031 3647 fila,
1049 3559 1148 3632 utin

101 3671 216 3768 ligno.
269 3670 391 3746 Quem
409 3685 584 3746 conatum
606 3674 797 3770 acquirere
813 3672 938 3769 potuit
954 3671 1091 3744 vitrum
1108 3671 1148 3744 in

101 3783 247 3859 fusione
263 3798 303 3859 et
318 3785 610 3881 refrigeratione,
627 3810 695 3884 per
711 3810 793 3860 eam
809 3787 907 3858 viam
923 3807 998 3879 qua
1010 3784 1147 3857 vitrum

101 3899 266 3972 candens
282 3898 518 3973 fundebatur.

107 4076 111 4082 .
151 4012 202 4086 B.
229 4012 439 4109 Corporum
459 4012 642 4086 durorum
671 4010 840 4110 plurimae
874 4011 1014 4108 species
1048 4021 1146 4095 sunt,

99 4125 263 4215 metalla,
282 4125 424 4223 lapides
441 4139 527 4227 etc,
545 4151 628 4224 quae
644 4127 684 4200 in
701 4125 900 4199 visceribus
925 4138 1035 4197 terrae
1060 4135 1148 4197 sunt

99 4249 140 4312 et
169 4238 323 4315 fuerunt
352 4263 376 4314 a
402 4240 589 4315 creatione
614 4238 798 4313 universi:
825 4250 864 4312 et
889 4246 1080 4334 praetcrea,
1101 4236 1146 4310 li-

973 4373 995 4422 z
1012 4374 1028 4419 α
