2888 4988
292 394 365 475 476
696 415 750 469 nn
774 415 924 469 munus

100 602 266 648 urrunnu.
293 603 382 676 ergo
399 579 550 671 Dant,
567 581 651 668 DX,
668 580 733 656 DF
755 582 931 656 continue
950 578 1271 678 proportionales:
1297 591 1339 652 et

107 671 250 708 ψ
292 692 363 783 ΒΙι,
381 692 453 767 DX
470 694 601 769 mediae
618 695 790 790 quaesitae.

295 882 298 889 Δ
343 805 384 880 Si
413 807 496 905 quis
524 808 564 882 in
594 808 664 882 hac
698 807 1009 882 demonstratione
1041 804 1340 903 propositionem

291 917 421 992 falsam
438 933 596 994 autnon
621 920 865 995 necessariam
890 920 1096 994 illationem
1118 916 1337 1006 ostenderit,

293 1032 404 1108 modo
421 1034 589 1117 convitiis
606 1057 646 1108 se
662 1034 858 1124 abstineat,
879 1033 967 1127 (etsi
990 1032 1080 1106 mihi
1101 1054 1205 1106 mens
1229 1053 1341 1106 error

293 1145 438 1243 placere
468 1169 544 1220 non
571 1147 724 1244 potest),
751 1147 899 1220 veritati
925 1159 1050 1220 tamen
1080 1143 1232 1219 studens
1257 1167 1338 1217 non

292 1258 416 1355 inique
432 1258 560 1333 feram.
613 1258 687 1334 Sed
709 1271 751 1334 ut
778 1283 823 1332 eo
850 1259 968 1333 solum
997 1258 1147 1332 nomine
1169 1280 1339 1346 accuser,

293 1371 392 1468 quod
417 1385 614 1470 postquam
642 1373 691 1447 ad
717 1373 1030 1447 constructionem
1057 1371 1337 1469 assumpsissem

291 1484 450 1558 mediam
467 1487 778 1583 proportionalem
797 1487 894 1560 inter
917 1497 1111 1574 extremas,
1135 1484 1339 1558 medietate

292 1597 355 1670 illa
372 1622 447 1672 non
464 1622 545 1672 sum
561 1624 659 1688 usus,
677 1600 843 1697 iniquum
859 1611 926 1673 est.
979 1599 1117 1672 Dicant
1132 1597 1256 1685 velim,
1271 1596 1338 1670 illa

291 1712 419 1809 regula
436 1736 549 1809 aquo
566 1714 742 1810 magistro
768 1712 896 1808 logicae
917 1711 1085 1809 profecta
1101 1723 1170 1801 est,
1187 1723 1230 1784 ut
1247 1733 1337 1784 cum

292 1825 469 1921 magistro
499 1825 578 1922 ipso
604 1824 854 1899 controversia
883 1823 972 1897 mihi
997 1824 1060 1898 sit.
1109 1823 1175 1898 Sin
1197 1822 1336 1898 nullius

292 1938 471 2034 magistri,
489 1937 553 2012 sed
576 1962 650 2012 suaa
667 1938 828 2036 ipsorum
845 1937 1051 2036 prudentiae
1068 1936 1253 2010 dictamen
1271 1936 1335 2026 sit,

291 2051 486 2126 ostendant
513 2076 593 2126 esse
620 2052 821 2127 infallibile.
874 2051 986 2127 Quod
1013 2050 1138 2124 dicant
1167 2049 1245 2123 sine
1270 2073 1336 2123 ex·

291 2164 412 2261 emplo
442 2188 533 2256 esse,
559 2166 649 2239 nihil
679 2190 826 2241 moror:
858 2188 1017 2264 quaeram
1044 2164 1143 2238 enim
1159 2163 1334 2253 vicissim,

260 2342 265 2352 ,
291 2277 373 2374 quis
389 2277 460 2352 fuit
476 2278 538 2352 ille
556 2279 617 2375 qui
642 2279 714 2353 alia
740 2279 913 2354 methodo
944 2278 1228 2376 duplicationem
1246 2276 1335 2350 cubi

290 2389 567 2464 demonstravit.
634 2392 805 2465 Euclides
838 2392 972 2465 multas
1007 2390 1119 2465 habet
1152 2391 1193 2464 in
1225 2390 1334 2465 initio

287 2502 563 2577 Elementorum
591 2503 836 2594 definitiones,
854 2505 986 2601 quibus
1009 2517 1133 2578 tamen
1150 2528 1333 2601 nusquam

287 2614 417 2698 utitur.
461 2617 521 2690 An
539 2616 772 2691 definitiones
789 2617 838 2691 ad
860 2617 1192 2691 demonstrationes
1209 2618 1333 2692 minus

287 2729 500 2802 necessariae
517 2741 615 2819 sunt,
629 2754 740 2826 quam
757 2740 953 2828 assumpta.
998 2730 1184 2828 Analytici
1202 2755 1332 2806 omnes

287 2852 480 2927 assumunt
508 2840 648 2939 aliquid
670 2843 861 2938 ignotum;
888 2841 956 2915 etsi
982 2843 1028 2915 ab
1052 2844 1181 2939 ignoto
1207 2866 1275 2940 per
1292 2867 1333 2917 se

288 2963 417 3025 notum
434 2954 514 3026 fieri
532 2954 623 3027 nihil
648 2966 794 3051 potest:
821 2953 887 3029 sed
903 2979 974 3052 ope
992 2954 1149 3029 aliorum
1166 2979 1334 3053 praecog-

287 3065 448 3165 nitorum
477 3067 706 3165 problemata
730 3067 848 3141 multa
872 3079 937 3142 aut
965 3068 1122 3158 solvunt,
1149 3079 1215 3143 aut
1239 3071 1334 3144 solvi

287 3201 363 3251 non
380 3204 488 3276 posse
506 3180 772 3256 demonstrant.
814 3181 875 3255 An
887 3205 1015 3255 verum
1029 3183 1191 3279 positum
1209 3184 1333 3258 minus

286 3291 434 3383 valebit,
453 3318 563 3390 quam
579 3319 647 3392 pro
663 3319 752 3369 vero
781 3295 1009 3392 suppositum
1031 3295 1181 3370 dubium
1199 3297 1212 3370 l
1261 3300 1333 3372 Er-

287 3417 372 3498 rant
389 3407 451 3503 qui
468 3407 521 3481 sic
547 3409 720 3483 sentiunt.
771 3409 908 3483 Verum
932 3409 1029 3483 enim
1052 3423 1129 3483 tam
1146 3411 1202 3483 sui
1220 3435 1332 3508 quam

287 3517 370 3614 ¹falsi
386 3517 497 3594 index
514 3532 581 3606 est,
598 3533 641 3594 ut
658 3545 769 3618 aquo
787 3521 879 3597 nihil
896 3523 967 3596 nisi
984 3545 1110 3595 verum
1129 3521 1331 3598 derivatur.

293 3707 296 3715 ,
339 3630 412 3704 Sed
439 3656 486 3705 ne
513 3632 602 3728 quid
627 3635 838 3708 omittamus
856 3634 957 3732 quod
978 3634 1198 3731 problemati
1214 3637 1331 3710 nobili

287 3746 594 3840 perspecuitatem
621 3747 817 3821 allaturum
846 3747 1023 3834 videatur,
1048 3749 1202 3822 eandem
1230 3774 1331 3824 nunc

288 3857 560 3932 conclusionem
591 3860 637 3932 ab
665 3886 708 3934 eo
741 3863 820 3957 ipso
852 3860 1195 3952 demonstrabimus,
1230 3863 1329 3959 quod

287 3984 391 4045 recta
414 3972 481 4045 AO
511 3972 659 4070 aequalis
689 3985 834 4069 sumpta
868 3975 916 4047 sit
942 3987 1053 4047 rectas
1081 3975 1159 4065 DE,
1191 3976 1229 4048 id
1260 3988 1331 4064 est,

287 4086 418 4162 mediae
435 4086 702 4184 proportionali
720 4087 817 4160 inter
835 4099 1016 4161 extremas
1035 4089 1103 4162 AD
1121 4101 1160 4162 et
1178 4089 1258 4162 DV.

339 4200 511 4281 Sumatur
538 4201 577 4274 in
605 4200 719 4277 latere
738 4199 804 4275 DC
821 4211 924 4283 recta
941 4200 1005 4274 DF
1023 4201 1174 4299 aequalis
1193 4203 1271 4293 DV,
1290 4213 1329 4276 et
