2888 4988
104 615 189 656 nor.
205 615 247 655 lx.

97 683 239 719 x-ed

280 425 353 494 500
602 430 783 488 commo
803 419 997 484 sonuum:

280 606 449 701 scriptuS,
476 613 515 675 et
539 613 642 675 recta
666 601 832 699 proxime
858 618 1099 693 consequeus,
1126 617 1166 668 se
1191 603 1323 667 mutuo

283 728 410 792 secent
433 716 473 788 in
498 729 600 789 rocta
617 712 708 789 AO:
737 727 781 787 ut
804 709 1114 809 quemadmodum
1131 731 1250 781 ¹orcus
1277 706 1327 780 ab

286 829 351 907 Ac
368 841 470 904 secat
488 825 560 918 YQ
575 827 614 900 in
632 827 672 916 P,
690 826 745 900 ita
760 849 867 900 arcus
884 825 930 898 ab
948 820 1024 897 AY
1042 832 1142 896 secet
1160 819 1211 894 Ze
1227 821 1269 893 in
1287 819 1325 892 d.

646 1111 897 1166 Puouosrrlo
920 1112 963 1165 X.

338 1267 515 1343 Calculus
527 1268 734 1342 nomericus
747 1269 1013 1367 qoodrotomm
1026 1289 1052 1339 a
1063 1274 1207 1365 septem
1222 1271 1330 1337 ante-

288 1381 403 1456 dictis
418 1379 534 1454 rectis
551 1378 629 1469 Ac,
642 1379 731 1469 AY,
745 1380 823 1470 AZ,
836 1390 905 1454 etc.

340 1493 574 1567 Manifestum
584 1503 644 1566 est
660 1495 741 1589 (per
753 1492 857 1565 Eucl.
871 1494 896 1566 i.
907 1493 972 1586 47)
992 1490 1091 1588 quod
1108 1489 1331 1587 quadratum

290 1607 337 1680 ab
354 1604 423 1681 AO
441 1604 489 1678 sd
506 1604 726 1702 quadratum
743 1605 790 1678 ab
809 1603 874 1679 Ac
891 1604 950 1677 vel
967 1603 1047 1692 ΑΡ,
1060 1617 1117 1677 est
1133 1614 1175 1676 ιιι
1190 1612 1211 1675 5
1225 1601 1276 1676 ad
1290 1611 1331 1684 4;

291 1719 378 1816 quio
393 1719 468 1807 GC,
478 1718 627 1813 aequalis
639 1715 716 1807 AC,
730 1730 833 1792 secto
844 1730 902 1791 est
914 1717 1085 1790 bifariam
1096 1717 1135 1789 iu
1147 1716 1199 1790 O:
1217 1726 1259 1788 et
1276 1727 1333 1787 est

291 1844 335 1908 ut
350 1830 420 1907 AO
437 1831 485 1904 ad
502 1830 569 1904 Ac
585 1830 643 1903 vel
661 1829 741 1916 AP,
758 1831 810 1903 ita
828 1829 896 1903 ΑΡ
913 1828 961 1903 od
978 1826 1054 1902 AY
1072 1830 1129 1902 vel
1147 1824 1230 1918 YQ.

344 1945 496 2032 Rursus,
507 1942 595 2039 quia
608 1938 692 2032 YQ,
705 1942 880 2040 parallelo
892 1943 968 2031 GC,
981 1952 1082 2016 secta
1094 1954 1152 2016 est
1163 1940 1334 2014 bifariam

294 2060 332 2132 iu
350 2058 391 2146 P,
408 2055 628 2153 quadratum
645 2056 692 2128 ab
710 2054 786 2129 AY
803 2055 862 2128 vel
880 2052 953 2146 YQ
968 2065 1026 2129 est
1048 2055 1097 2128 ad
1112 2054 1334 2152 quadratum

295 2197 320 2246 a
331 2171 433 2244 Zcut
451 2177 472 2243 5
491 2167 593 2242 odd:
611 2168 698 2263 quio
710 2165 785 2257 GC,
800 2167 850 2241 Zo
863 2179 949 2242 suut
966 2168 1162 2265 posullelae,
1175 2178 1214 2242 et
1230 2180 1335 2242 recto

296 2280 366 2358 AO
384 2292 486 2356 secat
501 2303 628 2354 arcum
646 2277 708 2353 Yd
724 2278 772 2354 ud
789 2280 827 2370 d,
845 2291 883 2355 et
904 2279 1080 2354 dividitur
1096 2281 1148 2354 Zo
1163 2280 1335 2355 bifariam

295 2398 333 2470 in
352 2396 390 2470 d.

346 2509 452 2593 Item,
469 2506 689 2603 quadratum
707 2531 730 2580 a
748 2504 809 2595 Ze,
828 2507 928 2605 quod
951 2519 1008 2582 est
1029 2518 1074 2583 10
1095 2504 1336 2605 quorum-AO

298 2621 518 2719 quadratum
540 2634 598 2693 est
626 2627 682 2708 16,
700 2620 822 2694 estad
845 2619 1064 2718 quadratum
1088 2624 1135 2695 ub
1152 2623 1220 2711 51,
1237 2620 1337 2718 quod

298 2748 356 2808 est
372 2743 395 2808 8
412 2757 568 2829 quorum
586 2731 652 2807 Ao
669 2732 888 2830 quadratum
905 2746 962 2809 est
984 2743 1039 2825 16,
1056 2748 1101 2808 ut
1121 2744 1166 2809 10
1182 2735 1230 2809 od
1249 2744 1285 2825 8,
1299 2733 1338 2807 id

300 2857 414 2922 estut
432 2853 455 2920 5
473 2846 520 2920 ad
533 2856 569 2921 4.

350 2960 455 3048 Item,
480 2959 653 3056 quonium
677 2959 895 3056 quadratum
921 2962 968 3034 ab
986 2958 1052 3035 Ac
1069 2971 1257 3034 ostensum
1283 2973 1340 3034 est

301 3073 441 3171 aequole
458 3082 503 3147 10
515 3072 702 3169 quadratis
716 3098 738 3146 a
750 3073 881 3169 quintu
896 3085 1001 3171 parte
1014 3098 1121 3147 arcus
1141 3073 1216 3163 BC,
1231 3073 1340 3147 dimi-

303 3187 403 3260 dium
429 3188 520 3282 ejus,
545 3186 616 3258 hoo
641 3194 698 3257 est
723 3185 942 3280 quadratum
968 3187 1015 3261 ub
1032 3188 1099 3276 hL,
1117 3187 1258 3282 aequule
1283 3199 1342 3260 est

304 3301 464 3396 quinque
477 3297 665 3394 quadratis
677 3299 724 3371 ab
739 3297 866 3371 eodem
881 3299 1011 3395 quinta
1026 3281 1132 3396 pdrte
1144 3323 1252 3373 orcus
1267 3299 1341 3373 Bc.

306 3412 380 3487 Sed
405 3423 592 3485 ostensum
616 3424 673 3483 est
697 3421 836 3484 rectam
854 3409 909 3500 ed,
932 3410 993 3483 vel
1009 3410 1078 3501 Ae,
1100 3412 1240 3508 aequale
1264 3435 1343 3485 esse

305 3525 446 3600 duobus
459 3523 596 3620 quintis
606 3546 713 3596 arcus
727 3522 801 3612 BC,
814 3533 852 3596 et
863 3523 1018 3619 proinde
1031 3523 1252 3621 quadratum
1264 3525 1344 3621 ejus

306 3637 446 3735 aequale
463 3661 543 3711 esse
559 3647 718 3733 quatuor
731 3635 919 3731 quadratis
936 3637 1101 3733 aquiuto
1116 3649 1221 3733 porte
1234 3661 1344 3712 arcus

307 3753 382 3826 BC.

356 3866 422 3937 Est
433 3888 521 3959 ergo
533 3862 753 3959 quadratum
766 3864 813 3936 ab
824 3863 879 3935 hL
890 3863 967 3936 sive
979 3863 1049 3952 Ah,
1061 3864 1108 3937 ad
1123 3864 1346 3960 quadratum

308 3978 355 4050 ab
373 3976 417 4048 eb
435 3977 511 4050 sive
530 3974 598 4062 Ae,
616 3987 658 4046 ut
677 3985 697 4046 5
717 3976 764 4048 ad
781 3986 817 4047 4.

360 4091 558 4176 Postremo,
572 4112 655 4160 oum
668 4089 849 4184 quadrata
862 4091 907 4164 ab
923 4088 1001 4181 AO,
1014 4090 1091 4178 AZ,
1102 4090 1159 4163 Ae
1169 4091 1244 4163 sint
1258 4114 1347 4163 oon-

310 4203 413 4275 tiuue
429 4201 767 4299 proportionalium
784 4205 927 4277 ratione
950 4212 994 4277 16
1012 4203 1060 4276 ad
1083 4213 1126 4278 10
1143 4205 1218 4276 sive
1240 4211 1285 4277 10
1299 4203 1349 4276 ad

310 4319 367 4400 61,
380 4315 452 4389 erit
464 4315 680 4411 quadratum
696 4315 742 4388 ab
754 4314 810 4388 Ae
822 4313 865 4392 δὲ
881 4341 1008 4391 eorum
1023 4340 1178 4411 quorum
1189 4316 1349 4412 quadro-
