2888 5002
391 433 673 488 nnonunuaua
694 433 882 489 nnuman.
1086 423 1155 489 351

163 598 213 670 B.
243 598 439 688 Nimirum,
457 599 606 696 quando
624 601 740 674 nubes
757 612 797 673 et
813 600 938 696 pluvia
954 611 1042 674 sunt
1063 601 1162 676 infra
1214 626 1281 668 can.
1297 625 1339 666 vi.

113 710 343 785 horizontem
361 714 399 785 in
416 714 499 786 loeo
513 712 611 787 unde
623 713 740 786 videri
757 714 875 787 nubes
887 737 963 787 non
974 725 1160 811 poterant,
1173 694 1376 810 affin

113 848 183 897 nee
196 825 317 899 audiri
334 826 508 901 tonitrua.
1172 817 1327 933 wal&
1339 830 1375 863 η

165 938 214 1011 Α.
245 939 372 1013 Nubes
383 939 570 1036 congelari
585 939 726 1036 primus
739 940 933 1036 supposuit
944 940 1159 1014 Cartesius:

114 1063 153 1124 et
170 1051 257 1126 inde
275 1053 491 1149 contingere
504 1052 715 1149 aliquande,
727 1063 769 1126 ut
783 1053 941 1150 plurima
952 1053 1163 1149 fragmenta

112 1164 244 1260 glaciei
270 1166 382 1239 situm
406 1166 506 1240 inter
529 1189 568 1239 se
591 1166 704 1241 talem
728 1167 901 1253 habeant,
918 1178 963 1240 ut
985 1178 1161 1264 tanquam

112 1278 267 1352 totidem
293 1280 442 1376 specula
466 1280 590 1377 plures
620 1280 799 1378 imagines
826 1281 915 1356 solis
945 1282 984 1356 in
1012 1282 1159 1358 oculum

112 1392 357 1468 reflecterent.

512 1986 618 2062 CAP.
650 1987 733 2060 VII.

113 2182 392 2235 PROBLEMATA
435 2185 490 2236 ΒΕ
529 2186 648 2239 Mo'ru
691 2183 1066 2237 PERPENDICULARI
1108 2186 1159 2239 ΕΤ

163 2296 375 2357 OBLIQUo:
403 2298 620 2351 REFRACTO
640 2299 693 2352 ΕΤ
712 2298 932 2350 Ruunnxo:
961 2299 1016 2350 DE
1036 2300 1158 2351 Pans-

164 2410 292 2463 SIONE
322 2412 373 2464 ΕΤ
403 2413 719 2467 PchUssmNn:
746 2411 803 2463 ΒΕ
832 2411 1073 2465 ΤΕΑΟΤΙΟΝΕ
1106 2415 1158 2466 ΕΤ

162 2524 386 2577 PULSIONE.

161 2652 209 2725 A.
238 2654 282 2727 S1
301 2653 376 2750 pila
392 2678 415 2728 a
432 2654 519 2728 dato
532 2665 671 2752 puncto
685 2653 865 2751 parietem
879 2653 988 2727 feriat
1001 2679 1157 2752 perpen-

111 2765 339 2856 diculariter,
367 2779 405 2841 et
438 2792 565 2842 rursus
597 2767 802 2842 abeodem
831 2780 971 2864 puncto
997 2769 1155 2843 eundem

109 2879 289 2976 parietem
312 2883 472 2979 oblique,
491 2907 660 2980 quaenam
687 2882 760 2955 erit
779 2881 874 2955 ratio
901 2881 1036 2955 virium
1058 2883 1156 2956 inter

110 3017 149 3067 se
177 2995 311 3090 quibus
340 2996 520 3092 parietem
548 2993 708 3092 urgent?
759 2994 928 3089 Exempli
957 3018 1079 3081 causa,
1106 2996 1156 3069 sit

109 3108 231 3205 paries
247 3109 333 3197 ΑΒ,
345 3109 472 3184 datum
489 3120 670 3207 punctum
686 3109 729 3199 Il,
744 3108 928 3204 salopetna
946 3108 1023 3198 OE,
1041 3132 1065 3182 a
1081 3132 1154 3206 quo

109 3221 300 3295 emittatur
316 3222 392 3320 pila
408 3223 761 3321 perpendiculariter
778 3222 826 3297 ad
841 3223 880 3295 F.
916 3223 1046 3318 Sitque
1063 3223 1156 3297 solo·

109 3346 217 3431 petus
235 3334 330 3409 alter
346 3337 432 3426 DE,
449 3361 472 3410 a
489 3361 563 3434 quo
578 3337 711 3411 emissa
726 3337 802 3434 pila
818 3335 959 3410 ineidat
982 3337 1021 3410 in
1037 3337 1153 3433 parie-

109 3461 186 3521 tem
216 3448 264 3522 ad
293 3448 326 3523 G
357 3450 517 3547 oblique,
547 3451 612 3524 sed
641 3451 838 3524 velocitate
867 3451 961 3548 pari.
1030 3450 1154 3526 Quam

110 3562 292 3635 rationem
309 3562 499 3639 habebunt
515 3565 613 3639 inter
630 3588 670 3639 se
687 3587 814 3638 earnm
831 3565 953 3637 ictus?

159 3674 207 3749 B.
225 3675 291 3748 Vis
301 3676 397 3750 ictus
409 3701 489 3773 per·
613 3677 632 3716 Δ
658 3677 675 3715 ¹²

108 3788 490 3884 pendicularisen'tad

109 3902 184 3975 vim
225 3902 411 4000 obliquam
449 3905 488 3977 in

109 4017 253 4090 ratione
281 4029 393 4091 rectae
420 4019 489 4093 EG
531 4064 534 4069 ·
584 4098 599 4133 a

108 4129 156 4202 ad
174 4142 313 4204 rectam
330 4132 408 4205 EF.
622 4157 656 4336 fn
1044 4160 1061 4190 ιι
1160 4190 1163 4197 .

159 4243 209 4316 Α.
237 4244 313 4319 Qui
330 4244 485 4339 fieripo·
517 4267 536 4306 n

108 4357 484 4432 testuttnntasitdif·
