2888 4988
304 402 392 473 432·
448 420 502 473 nn
522 377 825 475 nn1uc1e11snn
845 419 1208 475 numocmumonn

110 611 179 653 sse·
191 612 267 653 xvu·
302 587 482 661 rationem
505 598 519 662 1
541 587 589 661 ed
612 596 680 662 100
698 611 777 662 esse
802 600 937 677 totum,
954 589 1059 685 eujus
1076 611 1162 685 pers
1179 596 1235 661 est
1252 586 1349 660 ratio

105 681 267 800 Μᾜ,
307 708 322 774 1
340 700 389 774 ed
408 709 474 786 103
501 713 539 775 et
555 701 734 776 rationem
753 701 832 774 led
849 709 892 775 10
910 702 1087 797 majorem
1104 724 1185 775 esse
1202 700 1350 775 ratione

104 807 275 921 ffimff
302 823 418 887 total
442 813 593 890 ed100.
646 815 775 911 Itaque
796 813 827 888 si
854 838 927 911 que
950 814 1012 888 hie
1027 837 1116 888 vere
1142 813 1260 888 subsit
1286 813 1351 887 ab·

303 927 475 1013 surditas,
494 927 610 1001 Cluvii
628 938 705 1001 est:
732 951 803 1001 nee
829 927 947 1002 solum
972 927 1118 1000 illorum
1136 927 1199 1023 qui
1218 927 1351 1000 dieunt

302 1039 484 1113 rationem
515 1040 737 1136 duplicatam
769 1063 849 1114 esse
876 1039 1036 1137 duplam.
1089 1041 1198 1114 Latet
1220 1051 1350 1114 eutem

301 1153 365 1226 ille
382 1152 440 1226 vel
464 1153 501 1225 in
530 1166 718 1248 assumpto
741 1152 832 1225 hoc:
860 1152 909 1225 In
928 1151 1244 1251 magnitudinibus
1267 1152 1349 1250 qui·

302 1264 511 1363 weunque
527 1265 657 1338 ordine
670 1264 818 1362 positis,
838 1263 1021 1337 rationem
1035 1265 1176 1362 priene
1194 1265 1248 1338 od
1258 1264 1350 1339 ulti-

302 1404 396 1452 nom
414 1379 616 1475 composito
633 1386 690 1451 eet
715 1403 762 1451 eu
786 1375 993 1451 rationibus
1010 1377 1261 1451 intermediis:
1288 1379 1350 1451 vel

301 1493 339 1566 in
375 1491 518 1565 diverso
549 1515 684 1588 genere
717 1490 872 1565 rationis
906 1484 1055 1588 majoris
1089 1490 1138 1564 ed
1171 1493 1294 1564 minus
1324 1517 1350 1564 e

300 1629 437 1702 genere
454 1605 606 1678 rationis
624 1605 775 1678 minoris
793 1603 840 1677 ad
858 1606 987 1701 majus.
1041 1604 1166 1679 Quare
1183 1604 1349 1701 proprie·

301 1730 398 1792 tetes
415 1732 495 1792 tum
513 1719 697 1792 rationum
721 1717 852 1791 ordine
879 1717 1092 1814 positarum,
1114 1729 1192 1792 tum
1211 1718 1348 1792 utrius·

301 1856 372 1928 que
403 1832 547 1928 generis
576 1831 774 1917 rationum,
803 1831 1015 1928 diligentins
1044 1831 1153 1928 paulo
1179 1830 1349 1904 conside·

299 1945 473 2018 rebimus.

349 2059 398 2131 Et
427 2058 558 2154 primo,
594 2057 632 2131 in
660 2057 862 2131 rationibus
894 2056 1057 2154 ejusdem
1083 2057 1241 2153 generis,
1268 2058 1348 2131 sive

298 2170 573 2266 magnitudines
607 2170 821 2245 decrescent
853 2185 1033 2268 perpetuo
1067 2195 1090 2243 e
1123 2173 1262 2268 majore
1296 2172 1348 2246 ed

297 2283 431 2372 minus
449 2284 525 2358 sive
543 2295 721 2382 perpetuo
746 2296 914 2359 creseunt
935 2310 959 2358 e
975 2285 1116 2358 minore
1140 2283 1189 2358 ad
1213 2287 1346 2381 majus,

299 2398 516 2494 compositio
534 2421 622 2471 vere
647 2410 715 2472 est.
767 2398 851 2471 Sint
877 2398 976 2471 enim
1000 2409 1076 2471 tres
1093 2399 1237 2471 numeri
1260 2407 1346 2489 100,

304 2518 361 2599 10,
382 2519 413 2599 1,
429 2535 512 2608 quae
530 2511 693 2584 rationes
711 2522 797 2585 sunt
814 2511 964 2608 majoris
980 2509 1029 2584 ed
1046 2511 1178 2585 minus.
1221 2511 1346 2584 Mani-

298 2623 432 2696 festum
460 2636 517 2696 est
543 2624 723 2697 rationem
746 2630 816 2697 100
834 2622 882 2695 ad
902 2633 914 2696 1
937 2624 1178 2719 compositam
1201 2647 1279 2697 esse
1297 2648 1346 2697 ex

298 2738 502 2811 rationibus
535 2745 604 2811 100
621 2736 669 2809 nd
689 2745 732 2811 10
758 2749 797 2809 et
819 2737 928 2811 lond
952 2747 983 2825 1,
1010 2738 1236 2835 eandemque
1260 2751 1345 2812 tum

299 2851 522 2946 duplicatam
540 2863 619 2923 tum
637 2850 786 2946 duplam
805 2874 883 2924 esse
905 2851 1058 2924 rationis
1076 2853 1249 2926 utriusvis
1273 2860 1349 2926 100

298 2967 346 3040 ud
368 2976 424 3056 10,
448 2966 505 3039 vel
537 2973 580 3039 10
598 2965 645 3038 ud
668 2975 698 3039 l.
752 2966 845 3039 Item
873 2965 1057 3053 inversim,
1088 2966 1151 3038 ubi
1178 2965 1345 3039 rationes

304 3088 334 3153 1.
359 3090 414 3155 10.
438 3089 508 3155 100
525 3092 611 3153 sunt
629 3079 782 3152 minoris
799 3078 847 3152 nd
877 3080 1006 3175 majus,
1033 3079 1267 3152 manifestum
1285 3093 1346 3151 est

298 3193 478 3266 rationem
509 3193 750 3289 compositum
772 3201 786 3265 l
809 3191 857 3265 ed
879 3200 948 3266 100
966 3191 1144 3288 aequelem
1170 3215 1250 3265 esse
1267 3215 1346 3265 am·

297 3306 414 3379 bubus
447 3307 651 3380 rationibus
686 3315 700 3379 1
729 3304 777 3378 ad
800 3314 843 3380 10
871 3315 909 3378 et
936 3312 981 3379 10
1005 3304 1146 3380 ed100
1174 3304 1274 3379 inter
1303 3328 1345 3378 se

296 3420 508 3516 aequalibus.

348 3532 490 3607 Deinde
515 3532 554 3605 in
582 3532 640 3606 his
667 3530 830 3605 numeris
853 3539 909 3620 16,
923 3539 960 3621 4,
972 3539 1007 3623 2,
1025 3531 1259 3605 menifestum
1285 3545 1346 3605 est

296 3647 478 3719 rationem
502 3646 742 3742 compositam
769 3653 812 3718 16
838 3644 886 3718 ad
904 3655 926 3719 2
946 3645 1124 3742 aeqnnlem
1149 3669 1226 3718 esse
1250 3645 1344 3718 duu-

294 3760 364 3833 bus
392 3760 593 3833 rationibus
617 3768 660 3832 16
679 3758 726 3831 ed
744 3769 780 3847 4,
799 3771 838 3831 et
862 3769 882 3831 4
905 3757 952 3831 ed
973 3767 1017 3832 2:
1043 3781 1198 3853 querum
1221 3758 1346 3853 primu

296 3873 390 3946 ratio
414 3871 585 3946 secundae
608 3884 664 3946 est
691 3871 889 3968 duplicate,
916 3881 996 3944 tota
1025 3883 1149 3943 autem
1177 3870 1344 3966 ejusdem

296 3985 466 4059 secundae
493 3984 689 4082 triplicata.
745 3984 837 4057 Item
863 3984 902 4057 in
927 3984 985 4057 his
1009 3984 1171 4057 numeris
1195 3983 1344 4056 illorum

295 4099 449 4172 inversis
477 4108 563 4187 ut,
583 4107 639 4186 16,
658 4098 862 4192 composite
887 4097 982 4170 ratio
1006 4106 1029 4171 2
1057 4096 1105 4169 ed
1127 4103 1171 4170 16
1189 4096 1342 4193 aequelis

296 4225 354 4285 est
372 4212 514 4285 duabus
538 4212 741 4286 rationibus
759 4233 914 4307 quarum
938 4208 1100 4283 secunde
1126 4221 1183 4282 est
1210 4209 1343 4306 primee

295 4324 493 4421 duplicate,
511 4324 716 4422 composite
740 4331 864 4397 eutem
882 4322 1046 4419 ejusdem
1071 4323 1201 4420 primae
1223 4323 1342 4419 tripli-

294 4449 388 4512 cetu.
