<?xml version="1.0" encoding="UTF-8"?>
<!DOCTYPE html PUBLIC "-//W3C//DTD XHTML 1.0 Transitional//EN"
    "http://www.w3.org/TR/xhtml1/DTD/xhtml1-transitional.dtd">
<html xmlns="http://www.w3.org/1999/xhtml" xml:lang="en" lang="en">
 <head>
  <title>
</title>
<meta http-equiv="Content-Type" content="text/html;charset=utf-8" />
  <meta name='ocr-system' content='tesseract 3.04.00' />
  <meta name='ocr-capabilities' content='ocr_page ocr_carea ocr_par ocr_line ocrx_word'/>
</head>
<body>
  <div class='ocr_page' id='page_1' title='image "./operaphilosophi01molegoog/operaphilosophi01molegoog_0309.png"; bbox 0 0 2888 5002; ppageno 0'>
   <div class='ocr_carea' id='block_1_1' title="bbox 256 361 965 429">
    <p class='ocr_par' dir='ltr' id='par_1_1' title="bbox 256 361 965 429">
     <span class='ocr_line' id='line_1_1' title="bbox 256 361 965 429; baseline -0.003 0"><span class='ocrx_word' id='word_1_1' title='bbox 256 361 330 429; x_wconf 74' lang='lat'>296</span> <span class='ocrx_word' id='word_1_2' title='bbox 569 373 623 426; x_wconf 80' lang='lat' dir='ltr'>ns</span> <span class='ocrx_word' id='word_1_3' title='bbox 640 371 811 425; x_wconf 65' lang='lat' dir='ltr'>struxi</span> <span class='ocrx_word' id='word_1_4' title='bbox 828 372 965 427; x_wconf 69' lang='lat' dir='ltr'>Acme.</span> 
     </span>
    </p>
   </div>
   <div class='ocr_carea' id='block_1_2' title="bbox 256 553 1304 2436">
    <p class='ocr_par' dir='ltr' id='par_1_2' title="bbox 256 553 1303 2212">
     <span class='ocr_line' id='line_1_2' title="bbox 257 553 1303 653; baseline 0 -27"><span class='ocrx_word' id='word_1_5' title='bbox 257 562 344 628; x_wconf 80' lang='lat' dir='ltr'>ante</span> <span class='ocrx_word' id='word_1_6' title='bbox 369 554 525 627; x_wconf 85' lang='lat' dir='ltr'>certior:</span> <span class='ocrx_word' id='word_1_7' title='bbox 549 566 587 628; x_wconf 93' lang='lat' dir='ltr'>et</span> <span class='ocrx_word' id='word_1_8' title='bbox 608 579 689 653; x_wconf 85' lang='lat' dir='ltr'>qoae</span> <span class='ocrx_word' id='word_1_9' title='bbox 708 554 833 631; x_wconf 87' lang='lat' dir='ltr'>dixisti</span> <span class='ocrx_word' id='word_1_10' title='bbox 849 553 973 628; x_wconf 82' lang='lat' dir='ltr'>omnia</span> <span class='ocrx_word' id='word_1_11' title='bbox 991 564 1100 627; x_wconf 84' lang='lat' dir='ltr'>teneo</span> <span class='ocrx_word' id='word_1_12' title='bbox 1118 564 1155 627; x_wconf 88' lang='lat' dir='ltr'>et</span> <span class='ocrx_word' id='word_1_13' title='bbox 1171 553 1303 650; x_wconf 88' lang='lat' dir='ltr'>probo,</span> 
     </span>
     <span class='ocr_line' id='line_1_3' title="bbox 257 666 1303 769; baseline -0.001 -29"><span class='ocrx_word' id='word_1_14' title='bbox 257 667 328 740; x_wconf 91' lang='lat' dir='ltr'>nisi</span> <span class='ocrx_word' id='word_1_15' title='bbox 345 667 444 764; x_wconf 90' lang='lat' dir='ltr'>quod</span> <span class='ocrx_word' id='word_1_16' title='bbox 461 692 608 743; x_wconf 85' lang='lat' dir='ltr'>causam</span> <span class='ocrx_word' id='word_1_17' title='bbox 625 696 739 769; x_wconf 85' lang='lat' dir='ltr'>quare</span> <span class='ocrx_word' id='word_1_18' title='bbox 756 682 882 746; x_wconf 89' lang='lat' dir='ltr'>suctor</span> <span class='ocrx_word' id='word_1_19' title='bbox 898 678 1092 757; x_wconf 81' lang='lat' dir='ltr'>retractus,</span> <span class='ocrx_word' id='word_1_20' title='bbox 1111 678 1149 741; x_wconf 86' lang='lat' dir='ltr'>et</span> <span class='ocrx_word' id='word_1_21' title='bbox 1166 666 1303 740; x_wconf 90' lang='lat' dir='ltr'>deinde</span> 
     </span>
     <span class='ocr_line' id='line_1_4' title="bbox 256 779 1303 878; baseline -0.001 -25"><span class='ocrx_word' id='word_1_22' title='bbox 256 804 370 854; x_wconf 84' lang='lat' dir='ltr'>manu</span> <span class='ocrx_word' id='word_1_23' title='bbox 396 781 550 878; x_wconf 82' lang='lat' dir='ltr'>elapsus,</span> <span class='ocrx_word' id='word_1_24' title='bbox 581 785 629 857; x_wconf 83' lang='lat' dir='ltr'>ad</span> <span class='ocrx_word' id='word_1_25' title='bbox 655 785 904 860; x_wconf 84' lang='lat' dir='ltr'>summitatem</span> <span class='ocrx_word' id='word_1_26' title='bbox 939 779 1096 878; x_wconf 83' lang='lat' dir='ltr'>cylindri</span> <span class='ocrx_word' id='word_1_27' title='bbox 1124 780 1303 853; x_wconf 86' lang='lat' dir='ltr'>velociter</span> 
     </span>
     <span class='ocr_line' id='line_1_5' title="bbox 257 893 1302 991; baseline -0.004 -23"><span class='ocrx_word' id='word_1_28' title='bbox 257 893 441 983; x_wconf 82' lang='lat' dir='ltr'>ascendet,</span> <span class='ocrx_word' id='word_1_29' title='bbox 460 917 726 991; x_wconf 86' lang='lat' dir='ltr'>recognoscens</span> <span class='ocrx_word' id='word_1_30' title='bbox 743 907 845 970; x_wconf 86' lang='lat' dir='ltr'>recte</span> <span class='ocrx_word' id='word_1_31' title='bbox 868 893 1091 989; x_wconf 80' lang='lat' dir='ltr'>essignatmn</span> <span class='ocrx_word' id='word_1_32' title='bbox 1118 916 1197 967; x_wconf 87' lang='lat' dir='ltr'>esse</span> <span class='ocrx_word' id='word_1_33' title='bbox 1224 915 1302 965; x_wconf 94' lang='lat' dir='ltr'>non</span> 
     </span>
     <span class='ocr_line' id='line_1_6' title="bbox 257 1005 1301 1104; baseline 0 -26"><span class='ocrx_word' id='word_1_34' title='bbox 257 1016 397 1103; x_wconf 85' lang='lat' dir='ltr'>putem.</span> <span class='ocrx_word' id='word_1_35' title='bbox 449 1006 545 1079; x_wconf 83' lang='lat' dir='ltr'>Nam</span> <span class='ocrx_word' id='word_1_36' title='bbox 561 1006 776 1084; x_wconf 83' lang='lat' dir='ltr'>incredibile</span> <span class='ocrx_word' id='word_1_37' title='bbox 790 1021 847 1082; x_wconf 86' lang='lat' dir='ltr'>est</span> <span class='ocrx_word' id='word_1_38' title='bbox 861 1008 900 1080; x_wconf 92' lang='lat' dir='ltr'>in</span> <span class='ocrx_word' id='word_1_39' title='bbox 914 1017 1018 1080; x_wconf 91' lang='lat' dir='ltr'>motu</span> <span class='ocrx_word' id='word_1_40' title='bbox 1034 1005 1301 1104; x_wconf 83' lang='lat' dir='ltr'>particularum</span> 
     </span>
     <span class='ocr_line' id='line_1_7' title="bbox 262 1118 1302 1216; baseline -0.001 -25"><span class='ocrx_word' id='word_1_41' title='bbox 262 1119 369 1216; x_wconf 84' lang='lat' dir='ltr'>(quas</span> <span class='ocrx_word' id='word_1_42' title='bbox 382 1119 574 1215; x_wconf 87' lang='lat' dir='ltr'>supponis)</span> <span class='ocrx_word' id='word_1_43' title='bbox 590 1131 807 1211; x_wconf 79' lang='lat' dir='ltr'>terreorum,</span> <span class='ocrx_word' id='word_1_44' title='bbox 825 1131 968 1194; x_wconf 80' lang='lat' dir='ltr'>tantam</span> <span class='ocrx_word' id='word_1_45' title='bbox 985 1120 1104 1192; x_wconf 90' lang='lat' dir='ltr'>inesse</span> <span class='ocrx_word' id='word_1_46' title='bbox 1116 1118 1191 1191; x_wconf 87' lang='lat' dir='ltr'>vim</span> <span class='ocrx_word' id='word_1_47' title='bbox 1207 1130 1251 1191; x_wconf 91' lang='lat' dir='ltr'>ut</span> <span class='ocrx_word' id='word_1_48' title='bbox 1261 1119 1302 1190; x_wconf 95' lang='lat' dir='ltr'>id</span> 
     </span>
     <span class='ocr_line' id='line_1_8' title="bbox 259 1232 1301 1328; baseline -0.003 -21"><span class='ocrx_word' id='word_1_49' title='bbox 259 1233 403 1307; x_wconf 88' lang='lat' dir='ltr'>efficere</span> <span class='ocrx_word' id='word_1_50' title='bbox 426 1232 553 1328; x_wconf 88' lang='lat' dir='ltr'>possit.</span> <span class='ocrx_word' id='word_1_51' title='bbox 606 1234 718 1309; x_wconf 80' lang='lat' dir='ltr'>Quod</span> <span class='ocrx_word' id='word_1_52' title='bbox 743 1248 869 1308; x_wconf 83' lang='lat' dir='ltr'>eutem</span> <span class='ocrx_word' id='word_1_53' title='bbox 897 1257 1020 1307; x_wconf 83' lang='lat' dir='ltr'>cerem</span> <span class='ocrx_word' id='word_1_54' title='bbox 1046 1232 1110 1328; x_wconf 89' lang='lat' dir='ltr'>qui</span> <span class='ocrx_word' id='word_1_55' title='bbox 1133 1232 1301 1305; x_wconf 87' lang='lat' dir='ltr'>incussus</span> 
     </span>
     <span class='ocr_line' id='line_1_9' title="bbox 258 1345 1301 1444; baseline -0.002 -25"><span class='ocrx_word' id='word_1_56' title='bbox 258 1345 379 1419; x_wconf 82' lang='lat' dir='ltr'>fuerat</span> <span class='ocrx_word' id='word_1_57' title='bbox 399 1345 530 1442; x_wconf 84' lang='lat' dir='ltr'>expelli</span> <span class='ocrx_word' id='word_1_58' title='bbox 546 1345 632 1421; x_wconf 87' lang='lat' dir='ltr'>inde</span> <span class='ocrx_word' id='word_1_59' title='bbox 659 1348 785 1440; x_wconf 83' lang='lat' dir='ltr'>infers,</span> <span class='ocrx_word' id='word_1_60' title='bbox 802 1371 872 1444; x_wconf 85' lang='lat' dir='ltr'>ego</span> <span class='ocrx_word' id='word_1_61' title='bbox 900 1358 1043 1432; x_wconf 84' lang='lat' dir='ltr'>contro,</span> <span class='ocrx_word' id='word_1_62' title='bbox 1066 1345 1150 1419; x_wconf 91' lang='lat' dir='ltr'>ideo</span> <span class='ocrx_word' id='word_1_63' title='bbox 1177 1358 1301 1418; x_wconf 79' lang='lat' dir='ltr'>sueto</span> 
     </span>
     <span class='ocr_line' id='line_1_10' title="bbox 258 1458 1302 1557; baseline -0.001 -25"><span class='ocrx_word' id='word_1_64' title='bbox 258 1482 338 1533; x_wconf 85' lang='lat' dir='ltr'>rem</span> <span class='ocrx_word' id='word_1_65' title='bbox 364 1459 486 1533; x_wconf 90' lang='lat' dir='ltr'>subito</span> <span class='ocrx_word' id='word_1_66' title='bbox 518 1460 716 1535; x_wconf 82' lang='lat' dir='ltr'>oscendere</span> <span class='ocrx_word' id='word_1_67' title='bbox 743 1460 923 1549; x_wconf 89' lang='lat' dir='ltr'>existimo,</span> <span class='ocrx_word' id='word_1_68' title='bbox 951 1460 1049 1557; x_wconf 86' lang='lat' dir='ltr'>quia,</span> <span class='ocrx_word' id='word_1_69' title='bbox 1077 1458 1302 1532; x_wconf 81' lang='lat' dir='ltr'>retractione</span> 
     </span>
     <span class='ocr_line' id='line_1_11' title="bbox 259 1571 1302 1672; baseline -0.002 -27"><span class='ocrx_word' id='word_1_70' title='bbox 259 1585 439 1663; x_wconf 78' lang='lat' dir='ltr'>cessante,</span> <span class='ocrx_word' id='word_1_71' title='bbox 457 1596 521 1645; x_wconf 85' lang='lat' dir='ltr'>oer</span> <span class='ocrx_word' id='word_1_72' title='bbox 537 1574 601 1669; x_wconf 90' lang='lat' dir='ltr'>qui</span> <span class='ocrx_word' id='word_1_73' title='bbox 625 1575 804 1672; x_wconf 89' lang='lat' dir='ltr'>impulsos</span> <span class='ocrx_word' id='word_1_74' title='bbox 821 1597 956 1671; x_wconf 81' lang='lat' dir='ltr'>magna</span> <span class='ocrx_word' id='word_1_75' title='bbox 968 1574 1006 1647; x_wconf 85' lang='lat' dir='ltr'>vi</span> <span class='ocrx_word' id='word_1_76' title='bbox 1020 1573 1154 1663; x_wconf 80' lang='lat' dir='ltr'>fuerat,</span> <span class='ocrx_word' id='word_1_77' title='bbox 1171 1571 1302 1645; x_wconf 83' lang='lat' dir='ltr'>eadem</span> 
     </span>
     <span class='ocr_line' id='line_1_12' title="bbox 259 1684 1303 1784; baseline -0.001 -26"><span class='ocrx_word' id='word_1_78' title='bbox 259 1685 296 1758; x_wconf 83' lang='lat' dir='ltr'>vi</span> <span class='ocrx_word' id='word_1_79' title='bbox 318 1686 416 1759; x_wconf 88' lang='lat' dir='ltr'>inter</span> <span class='ocrx_word' id='word_1_80' title='bbox 438 1686 595 1758; x_wconf 77' lang='lat' dir='ltr'>sectoris</span> <span class='ocrx_word' id='word_1_81' title='bbox 619 1689 849 1784; x_wconf 85' lang='lat' dir='ltr'>superficiem</span> <span class='ocrx_word' id='word_1_82' title='bbox 871 1710 1072 1760; x_wconf 79' lang='lat' dir='ltr'>convexam</span> <span class='ocrx_word' id='word_1_83' title='bbox 1089 1696 1127 1759; x_wconf 90' lang='lat' dir='ltr'>et</span> <span class='ocrx_word' id='word_1_84' title='bbox 1144 1684 1303 1782; x_wconf 85' lang='lat' dir='ltr'>cylindri</span> 
     </span>
     <span class='ocr_line' id='line_1_13' title="bbox 260 1797 1303 1898; baseline -0.001 -27"><span class='ocrx_word' id='word_1_85' title='bbox 260 1821 458 1871; x_wconf 84' lang='lat' dir='ltr'>concavam</span> <span class='ocrx_word' id='word_1_86' title='bbox 476 1797 681 1894; x_wconf 86' lang='lat' dir='ltr'>expellitur,</span> <span class='ocrx_word' id='word_1_87' title='bbox 698 1812 736 1875; x_wconf 87' lang='lat' dir='ltr'>et</span> <span class='ocrx_word' id='word_1_88' title='bbox 751 1798 905 1898; x_wconf 91' lang='lat' dir='ltr'>proinde</span> <span class='ocrx_word' id='word_1_89' title='bbox 926 1798 1132 1896; x_wconf 86' lang='lat' dir='ltr'>(supposita</span> <span class='ocrx_word' id='word_1_90' title='bbox 1144 1797 1303 1895; x_wconf 88' lang='lat' dir='ltr'>plenitu-</span> 
     </span>
     <span class='ocr_line' id='line_1_14' title="bbox 262 1909 1303 2004; baseline 0 -22"><span class='ocrx_word' id='word_1_91' title='bbox 262 1909 348 1982; x_wconf 88' lang='lat' dir='ltr'>dine</span> <span class='ocrx_word' id='word_1_92' title='bbox 365 1909 508 2002; x_wconf 86' lang='lat' dir='ltr'>mundi)</span> <span class='ocrx_word' id='word_1_93' title='bbox 529 1933 593 1983; x_wconf 82' lang='lat' dir='ltr'>cer</span> <span class='ocrx_word' id='word_1_94' title='bbox 608 1925 795 2004; x_wconf 87' lang='lat' dir='ltr'>externus,</span> <span class='ocrx_word' id='word_1_95' title='bbox 821 1911 870 1986; x_wconf 81' lang='lat' dir='ltr'>cd</span> <span class='ocrx_word' id='word_1_96' title='bbox 889 1912 1011 1985; x_wconf 91' lang='lat' dir='ltr'>locum</span> <span class='ocrx_word' id='word_1_97' title='bbox 1028 1934 1135 1985; x_wconf 86' lang='lat' dir='ltr'>suum</span> <span class='ocrx_word' id='word_1_98' title='bbox 1152 1910 1303 1983; x_wconf 89' lang='lat' dir='ltr'>restitu-</span> 
     </span>
     <span class='ocr_line' id='line_1_15' title="bbox 261 2022 1303 2111; baseline 0 -16"><span class='ocrx_word' id='word_1_99' title='bbox 261 2034 334 2111; x_wconf 88' lang='lat' dir='ltr'>tus,</span> <span class='ocrx_word' id='word_1_100' title='bbox 365 2022 472 2095; x_wconf 91' lang='lat' dir='ltr'>simul</span> <span class='ocrx_word' id='word_1_101' title='bbox 494 2033 679 2098; x_wconf 90' lang='lat' dir='ltr'>suctorem</span> <span class='ocrx_word' id='word_1_102' title='bbox 703 2025 867 2100; x_wconf 87' lang='lat' dir='ltr'>restitnit</span> <span class='ocrx_word' id='word_1_103' title='bbox 896 2024 945 2098; x_wconf 83' lang='lat' dir='ltr'>od</span> <span class='ocrx_word' id='word_1_104' title='bbox 972 2024 1095 2098; x_wconf 90' lang='lat' dir='ltr'>locum</span> <span class='ocrx_word' id='word_1_105' title='bbox 1122 2023 1222 2097; x_wconf 88' lang='lat' dir='ltr'>unde</span> <span class='ocrx_word' id='word_1_106' title='bbox 1245 2046 1303 2095; x_wconf 90' lang='lat' dir='ltr'>re-</span> 
     </span>
     <span class='ocr_line' id='line_1_16' title="bbox 261 2134 650 2212; baseline 0.01 -4"><span class='ocrx_word' id='word_1_107' title='bbox 261 2145 401 2208; x_wconf 84' lang='lat' dir='ltr'>tractus</span> <span class='ocrx_word' id='word_1_108' title='bbox 415 2145 501 2207; x_wconf 87' lang='lat' dir='ltr'>ante</span> <span class='ocrx_word' id='word_1_109' title='bbox 517 2134 650 2212; x_wconf 78' lang='lat' dir='ltr'>fuerat.</span> 
     </span>
    </p>

    <p class='ocr_par' dir='ltr' id='par_1_3' title="bbox 261 2247 1304 2436">
     <span class='ocr_line' id='line_1_17' title="bbox 312 2247 1304 2323; baseline 0.002 -3"><span class='ocrx_word' id='word_1_110' title='bbox 312 2248 363 2321; x_wconf 85' lang='grc' dir='ltr'>Α.</span> <span class='ocrx_word' id='word_1_111' title='bbox 389 2247 493 2320; x_wconf 91' lang='lat' dir='ltr'>Idem</span> <span class='ocrx_word' id='word_1_112' title='bbox 522 2272 667 2323; x_wconf 90' lang='lat' dir='ltr'>censeo.</span> <span class='ocrx_word' id='word_1_113' title='bbox 728 2248 883 2323; x_wconf 80' lang='lat' dir='ltr'>Erravi:</span> <span class='ocrx_word' id='word_1_114' title='bbox 920 2260 958 2323; x_wconf 86' lang='lat' dir='ltr'>et</span> <span class='ocrx_word' id='word_1_115' title='bbox 985 2272 1146 2322; x_wconf 87' lang='lat' dir='ltr'>errorem</span> <span class='ocrx_word' id='word_1_116' title='bbox 1180 2272 1304 2323; x_wconf 88' lang='lat' dir='ltr'>meum</span> 
     </span>
     <span class='ocr_line' id='line_1_18' title="bbox 261 2361 585 2436; baseline 0.003 -1"><span class='ocrx_word' id='word_1_117' title='bbox 261 2376 362 2435; x_wconf 87' lang='lat' dir='ltr'>recte</span> <span class='ocrx_word' id='word_1_118' title='bbox 380 2361 585 2436; x_wconf 88' lang='lat' dir='ltr'>correxisti.</span> 
     </span>
    </p>
   </div>
   <div class='ocr_carea' id='block_1_3' title="bbox 0 0 1455 5002">
    <p class='ocr_par' dir='ltr' id='par_1_4' title="bbox 0 0 1455 5002">
     <span class='ocr_line' id='line_1_19' title="bbox 0 0 1455 5002; baseline 0 0"><span class='ocrx_word' id='word_1_119' title='bbox 0 0 1455 5002; x_wconf 95' lang='lat' dir='ltr'> </span> 
     </span>
    </p>
   </div>
  </div>
 </body>
</html>
