2888 4988
327 369 399 442 516
602 389 1093 464 opinationes-omenti,

99 583 141 639 nn
156 583 310 625 morsm.
376 558 562 632 Quoniam
590 582 680 656 ergo
706 560 745 633 in
766 560 834 634 iet
858 560 898 633 iii
922 558 1113 657 [equalitas
1143 558 1372 657 hoeo‘aperte

138 652 281 689 ψ
325 671 579 745 demonstrata
595 687 663 763 est,
682 673 823 748 tollitur
840 673 920 748 haec
934 673 1106 769 objectio.

331 859 334 865 ,
376 785 559 872 Secundo,
582 786 669 884 quia
692 787 912 882 quadratum
939 812 962 860 a
989 787 1037 860 Gi
1058 810 1133 861 non
1155 798 1212 860 est
1228 787 1372 882 aequale

330 908 374 974 10
392 898 579 996 quadratis
597 925 620 972 a
637 900 844 973 semiradio.

376 1012 475 1086 Quia
491 1013 563 1085 hoc
581 1013 692 1086 etiam
709 1013 843 1087 iterum
866 1012 1160 1085 demonstratum
1185 1022 1242 1085 eat
1270 1010 1318 1085 ad
1335 1036 1371 1099 v,

325 1136 365 1198 et
381 1138 569 1199 ostensum
587 1140 642 1199 est
652 1126 701 1199 ad
710 1127 761 1199 vii
772 1140 990 1223 argumenta
1000 1127 1078 1221 ejus
1091 1127 1281 1199 numerica
1294 1150 1371 1198 om·

325 1237 388 1310 nia
405 1261 484 1311 esse
495 1239 644 1312 vitiosa:
662 1240 778 1312 firmae
791 1252 878 1313 snnt
891 1240 916 1329 i,
927 1240 980 1329 iii,
994 1239 1041 1330 iv,
1056 1264 1089 1332 v,
1104 1240 1153 1329 vi,
1169 1239 1229 1330 vii,
1241 1252 1280 1313 et
1289 1240 1367 1312 viii.

564 1513 620 1565 An
640 1513 986 1568 PROPOSITIONEM
1005 1515 1065 1582 lx,
1084 1514 1126 1567 X.

377 1641 612 1738 Objeetiones
630 1654 761 1717 contra
783 1644 820 1717 ix
846 1656 884 1718 et
900 1670 924 1717 x
942 1643 1112 1718 refutatae
1138 1654 1226 1716 sunt
1251 1643 1288 1716 in
1313 1665 1372 1715 re-

326 1756 522 1852 sponsione
550 1780 634 1830 mea
662 1757 711 1830 ad
736 1758 806 1831 vii:
831 1783 976 1855 unaque
1005 1757 1043 1830 in
1071 1757 1168 1831 illius
1198 1757 1373 1853 operibns

326 1881 413 1942 sunt
428 1870 652 1966 geometrica
672 1872 771 1967 (quae
789 1871 937 1967 quidem
955 1895 1021 1944 sua
1033 1872 1132 1964 sunt)
1143 1870 1266 1944 omnia
1281 1895 1372 1944 oon-

327 1983 459 2074 futata,
477 1997 520 2057 ut
536 2009 619 2081 quae
633 1984 734 2058 falsis
751 1985 942 2082 principiis
958 1984 1178 2066 innituntur.

600 2244 656 2298 An
676 2245 1021 2300 PROPOSITIONEM
1040 2246 1101 2299 XI.

378 2375 517 2448 Contra
533 2375 582 2464 xi,
600 2399 683 2472 qnae
700 2386 756 2449 est
772 2377 852 2449 haec
867 2377 970 2450 z-Si
1000 2376 1158 2450 ducatur
1182 2387 1283 2451 recta
1300 2379 1371 2467 Aa,

328 2489 496 2562 dividens
529 2512 656 2562 arcum
691 2489 758 2562 PV
791 2490 972 2579 bifariam,
1008 2513 1136 2563 secans
1170 2489 1266 2563 latus
1301 2490 1373 2566 CG

327 2605 366 2675 in
384 2628 420 2692 a,
439 2602 509 2674 erit
528 2602 585 2675 Ga
601 2614 758 2697 tangens
778 2625 886 2675 arcus
910 2611 958 2676 30
981 2602 1225 2698 graduum—z
1251 2603 1372 2698 primo

327 2716 626 2813 supputationem
654 2739 756 2788 suam
791 2716 919 2811 objicit
952 2717 1182 2789 hanct—est
1215 2716 1373 2812 angulus

327 2826 615 2922 CAn=}-=;³,-‚
655 2840 693 2901 et
724 2827 998 2921 Assr=}={;
1014 2830 1122 2904 nnius
1155 2830 1260 2918 recti,
1297 2853 1373 2902 non

333 2942 436 3037 ξω.
489 2943 595 3030 Vide,
612 2943 742 3028 lector,
759 2967 808 3015 an
834 2942 995 3015 dubitari
1021 2944 1139 3039 possit
1169 2944 1258 3040 quin
1282 2944 1373 3016 sori-

326 3058 488 3132 bendnm
506 3069 602 3130 esset
620 3079 687 3151 pro
706 3055 806 3145 cna,
827 3055 943 3129 Can:
962 3079 1135 3153 errorque
1153 3068 1250 3129 esset
1267 3068 1373 3153 typo·

326 3171 471 3267 graphi,-
491 3192 599 3266 quem
627 3166 787 3263 quidem'
800 3167 840 3239 in
870 3191 937 3239 suo
964 3167 1058 3240 libro
1082 3167 1288 3254 emendare,
1306 3167 1372 3240 sed

326 3307 447 3378 neque
479 3281 638 3376 objicere
666 3302 785 3375 neque
808 3279 964 3351 recitare
990 3279 1118 3353 debuit
1143 3280 1259 3354 lector
1284 3303 1371 3353 can-

328 3398 446 3471 didus.
500 3392 611 3468 Quod
640 3406 764 3466 autem
790 3391 838 3465 ad
865 3392 1155 3489 propositionem
1183 3392 1278 3464 serio
1304 3416 1372 3488 op-

327 3510 443 3607 ponit,
461 3509 532 3580 hoc
550 3518 626 3579 est:
652 3505 752 3603 qnod
763 3512 941 3603 punctum
966 3529 1165 3578 concursus
1182 3515 1373 3579 rectarum

328 3626 381 3698 Br
399 3632 435 3694 et
454 3623 521 3707 Aa,
539 3620 616 3693 erit
633 3629 746 3692 extro
759 3619 998 3717 quadratum.

378 3737 476 3807 Bene
495 3745 570 3805 est:
590 3744 629 3804 at
643 3744 753 3804 rectae
769 3733 826 3803 Aa
839 3733 973 3828 positio
993 3731 1128 3805 mutari
1141 3756 1217 3804 non
1234 3743 1371 3826 potest.

327 3849 401 3923 Sed
418 3846 509 3933 fieri,
528 3846 660 3940 inquit,
674 3857 796 3940 potest
806 3858 849 3918 ut
864 3846 916 3918 Br
928 3846 1108 3941 producta
1121 3869 1196 3917 non
1207 3857 1373 3917 transeat

326 3987 392 4059 per
409 3987 445 4050 o,
463 3960 548 4055 qnia
560 3960 616 4032 Ga
629 3961 745 4054 major
759 3973 814 4031 est
828 3983 938 4054 quam
952 3984 1040 4032 vera
1053 3973 1210 4054 tangens
1228 3968 1276 4033 30
1286 3984 1374 4054 gra-

326 4078 464 4147 duum:
497 4085 670 4144 caeterum
688 4074 739 4143 ar
757 4097 980 4145 concurrens
999 4098 1083 4145 cum
1101 4075 1160 4146 Aa
1177 4073 1372 4168 producta,

325 4189 436 4261 faciet
452 4185 627 4280 angulum
645 4187 822 4281 aeqnalem
841 4183 882 4278 ᾗ
900 4188 1008 4260 unius
1027 4188 1132 4261 recti.
1185 4188 1278 4260 Haec
1296 4188 1372 4260 ille.

326 4298 507 4373 Concedit
525 4322 612 4395 ergo
630 4313 768 4374 rectam
782 4301 888 4374 Brut
902 4301 981 4377 vult
997 4301 1228 4398 productam,
1246 4325 1373 4375 secan-
