2888 5002
341 421 654 476 narunurlrrcn
675 421 918 476 nonrunmn.
1099 405 1147 483 ⁴7

107 593 160 667 illi
179 603 275 667 esset
292 618 400 666 unam
416 617 495 667 esse
512 617 717 681 numerum,
741 594 812 668 hoo
830 607 975 668 tantum
992 593 1147 690 probare
1185 615 1333 656 nitrosus

108 720 261 781 conatus
278 719 346 797 est,
368 705 559 804 quosdam,
581 707 644 804 qui
661 719 792 781 contra
808 709 984 798 sentiunt,
1001 717 1148 782 senten·
1187 696 1329 802 ...¹2-

107 819 198 893 tiam
215 844 316 893 suam
336 844 411 894 non
429 819 519 892 satis
537 817 817 893 demonstrasse.

160 933 206 1005 B.
234 932 345 1007 Quod
368 956 484 1007 unum
506 933 555 1006 sit
571 954 745 1006 numerus
770 932 1039 1008 demonstrabit
1054 933 1149 1007 forte

108 1049 272 1124 inferius.

159 1163 209 1236 Α.
237 1164 336 1235 Bene
353 1173 421 1235 est.
471 1160 815 1258 Pergamus—Sed
828 1186 971 1253 revera,
989 1163 1025 1235 ri
1041 1187 1148 1236 accu-

108 1283 195 1347 rate
211 1273 313 1371 loqui
329 1272 490 1363 velimus,
517 1298 586 1346 non
615 1283 690 1346 tam
712 1274 837 1348 unitas
856 1300 966 1373 qaam
982 1274 1148 1363 collitur,

107 1389 144 1461 si
161 1389 217 1461 ita
235 1387 335 1485 loqui
348 1386 473 1476 liceat,
491 1412 553 1460 reu
566 1385 717 1476 nullum,
734 1388 831 1462 idem
842 1397 1014 1487 respectu
1030 1413 1149 1462 narw-

107 1524 234 1573 rorum
262 1500 412 1590 obtinet,
441 1500 542 1598 quod
559 1511 740 1599 punctum
769 1512 942 1601 respectu
967 1501 1150 1600 magnitu-

108 1613 222 1688 dinis.

160 1726 209 1800 B.
237 1725 382 1799 Nollem
405 1727 476 1800 hoc
499 1726 663 1801 dixisset.
716 1726 813 1800 Nam
831 1752 915 1801 cum
936 1728 983 1801 ab
1002 1727 1149 1801 Hobbio

108 1840 319 1936 culparetur
330 1840 429 1936 quod
441 1852 621 1936 puuctum
634 1839 777 1914 dixerat
790 1865 869 1916 csse
881 1842 985 1930 nihil,
1002 1842 1150 1938 negavit

108 1953 213 2026 seito
224 1953 390 2026 sensisse.
442 1954 551 2028 Nunc
562 1965 687 2027 tamen
700 1953 798 2028 idem
809 1955 897 2029 dicit
910 1956 1148 2052 apertissime.

109 2066 203 2141 Cum
220 2066 318 2139 enim
335 2067 384 2140 sit
401 2079 443 2140 ut
460 2067 599 2140 nullum
618 2067 666 2141 ad
683 2092 879 2160 numerum,
904 2071 958 2143 ita
977 2079 1149 2167 punctum

109 2179 159 2253 ad
188 2178 486 2279 magnitudinem,
514 2180 757 2254 certissimum
786 2195 843 2256 est
865 2193 1043 2278 punctum
1071 2206 1149 2256 esse

110 2292 214 2366 nihil.

162 2405 210 2478 Α.
237 2405 334 2480 Illud
350 2429 495 2502 quoque
509 2407 675 2503 ineptum
688 2422 757 2499 est,
775 2407 971 2506 quodcum
988 2409 1026 2481 in
1043 2433 1152 2505 prox·

109 2518 183 2591 ime
199 2517 490 2614 praecedentibus
507 2519 734 2595 distinxisset
751 2523 928 2594 unitatem
946 2522 992 2595 ab
1011 2545 1092 2607 uno,
1110 2533 1152 2594 ut

109 2655 180 2704 mm
197 2654 382 2704 currerem
398 2655 421 2704 a
437 2657 597 2723 numero,
616 2659 715 2708 nunc
733 2659 817 2707 cum
834 2632 932 2706 nullo
950 2634 1152 2708 conlimdat

109 2741 328 2817 nuditatem.
383 2745 550 2820 Hocoine
580 2760 639 2821 est
671 2747 771 2846 loqui
804 2746 1003 2821 accurate?
1055 2747 1152 2821 Prae-

110 2871 224 2947 terea,
242 2882 327 2932 oum
345 2859 508 2950 dixisset,
533 2861 569 2934 ri
585 2872 763 2937 accurate
781 2861 882 2960 loqui
898 2860 1062 2946 velimus,
1087 2884 1153 2933 cur

110 2971 236 3044 statim
263 2970 369 3045 addit
397 2972 433 3045 sr‘
462 2974 530 3063 ira,
562 2974 601 3049 id
629 2988 697 3062 est,
731 2999 806 3049 non
836 2985 1020 3064 accurate,
1051 2973 1154 3073 loqui

111 3081 255 3158 liceat?
307 3085 365 3157 An
383 3086 509 3159 scribit
522 3087 733 3161 dormiens?
785 3086 858 3160 Sed
874 3086 1154 3182 progredior.—

112 3196 166 3270 Ar
184 3195 482 3296 interrogabitur
484 3199 640 3295 forsan,
654 3224 737 3273 rrum
750 3199 858 3272 velim
870 3223 942 3298 ego
954 3225 979 3271 a
991 3209 1153 3273 veterum

106 3310 257 3407 puriter
269 3320 306 3383 et
319 3312 565 3384 recentiorum
582 3311 736 3384 omnium
751 3311 936 3384 sententia
950 3310 1152 3400 discedere,

112 3424 175 3520 qai
201 3447 273 3496 uno
298 3447 364 3497 ore
391 3423 570 3497 unitatem
595 3433 726 3498 vocant
751 3423 976 3522 principium
998 3423 1152 3497 numeri.

114 3535 341 3634 Respondeo,
372 3535 468 3609 nihil
494 3535 652 3610 absurdi
678 3561 761 3609 erae
790 3537 969 3632 majorum
997 3536 1153 3610 inventis

115 3648 413 3723 addere-Vide
431 3661 579 3746 captum
595 3650 754 3724 hominis
770 3650 1033 3724 mathematici.
1073 3652 1155 3724 Ma-

117 3761 397 3835 thematicorum
424 3785 502 3836 esse
528 3775 634 3861 putat
657 3762 790 3836 docere
816 3787 864 3835 an
886 3787 1003 3836 unum
1025 3764 1073 3837 sit
1089 3789 1154 3836 vo-

118 3874 253 3947 candus
271 3896 469 3960 numerus3
496 3876 600 3972 quasi
623 3901 698 3950 non
724 3876 826 3973 vulgi
853 3889 950 3950 esset
968 3878 1154 3974 impositio

118 3988 316 4078 nominum,
348 4000 414 4061 aut
442 3990 596 4086 quilibet
626 4016 646 4063 e
673 3991 784 4087 vulgo
811 4016 887 4064 non
914 4016 1016 4089 aeque
1044 3994 1154 4066 sciret

117 4112 224 4198 atque
251 4101 391 4175 centies
415 4102 512 4176 mille
537 4103 748 4199 peritissimi
770 4105 1005 4195 arithmetici,
1028 4115 1155 4178 utrum

116 4236 229 4288 unum
243 4215 292 4289 sit
309 4238 482 4289 numerus
496 4240 625 4307 necne,
643 4217 681 4291 id
699 4231 766 4307 est,
780 4220 889 4315 juxta
905 4217 1156 4291 definitionem

116 4327 289 4419 Euclidis,
307 4340 431 4402 utrum
443 4329 554 4405 bomo
572 4330 619 4404 sit
637 4332 804 4406 homines
821 4356 948 4407 necne.
1000 4331 1158 4407 Mirarer
