2888 4988
313 407 388 473 522
540 422 829 482 ouannaruna
848 423 1034 489 crucum,
1053 422 1142 474 nrc.

183 614 225 653 w
313 589 443 662 similis
461 603 529 663 est
580 590 719 686 Recipe
740 591 778 662 in
805 591 969 662 animum
998 604 1103 662 tuum
1127 613 1196 686 per
1218 590 1361 684 cogita-

104 694 302 817 ‘3:33’
315 703 454 776 tionem
472 704 726 776 vehementem
744 727 867 776 rerum
885 706 1060 800 ipsarum,
1074 727 1148 776 nou
1165 704 1360 776 literarum

131 801 289 877 »π’-ν’
315 831 381 889 aut
397 840 585 902 sonorum,
597 818 787 913 imagines.
823 817 867 890 ln
884 819 1061 906 scientiis,
1074 842 1229 915 sequere
1246 818 1361 889 ratio-

315 953 401 1002 nem
441 930 658 1019 naturalem,
690 954 823 1027 sperne
864 932 1130 1004 authoritatem
1162 932 1361 1026 magistro

316 1065 417 1114 rum:
434 1042 474 1114 in
491 1043 569 1114 rita
583 1041 694 1129 civili,
711 1066 864 1139 sequere
880 1044 1143 1117 authoritatem
1160 1043 1360 1139 publicum,

317 1178 449 1251 sperne
474 1155 654 1228 rationem
678 1156 870 1250 privatam.
923 1157 1008 1228 Hoc
1024 1158 1056 1228 si
1073 1158 1127 1228 ita
1153 1155 1301 1243 feceris,
1328 1156 1359 1227 si

317 1293 393 1341 non
410 1267 534 1356 ditior,
551 1267 731 1340 eruditior
747 1282 870 1340 tamen
887 1269 967 1341 fies.
1000 1270 1190 1365 Opuscula
1201 1269 1267 1341 illa
1282 1283 1360 1357 tua,

318 1380 521 1454 Eleuehum
537 1380 752 1478 geometrice
769 1379 991 1469 Hobhiunae,
1008 1382 1041 1453 C
1039 1383 1282 1455 effectionem
1299 1383 1362 1455 de-

318 1494 446 1583 bitam,
465 1494 600 1566 Parieti
614 1493 917 1592 dispunctionem,
934 1493 1116 1567 Hobbiuar
1133 1495 1362 1568 Heautonti-

319 1631 558 1696 morumenon,
574 1631 622 1681 ne
638 1607 763 1702 magni
783 1609 959 1681 aestimes:
985 1633 1071 1682 nam
1088 1609 1258 1705 puerilia,
1280 1633 1361 1682 rus-

319 1722 405 1809 tica,
423 1721 585 1810 indocta,
602 1721 753 1793 inficeta
768 1734 867 1794 sunt.
919 1722 1050 1818 Neque
1067 1745 1113 1794 ea
1129 1746 1200 1819 ego
1214 1747 1298 1818 quae
1314 1724 1363 1797 ad

320 1848 386 1906 tna
398 1832 583 1930 respondi,
596 1833 710 1929 digna
722 1858 854 1907 oenseo
866 1859 950 1931 quae
966 1860 989 1907 a
1006 1839 1165 1932 posteris
1177 1836 1362 1932 legantur.

321 1948 496 2020 Permitte
521 1947 716 2019 maledicta
741 1949 869 2035 emori,
900 1950 1084 2045 theologe.
1135 1951 1190 2022 Ex
1213 1973 1364 2045 geome-

320 2061 423 2133 tricis
448 2061 540 2132 meis
555 2083 638 2156 quae
660 2061 794 2134 durare
811 2062 953 2150 vellem,
970 2076 1010 2135 et
1026 2086 1093 2159 per
1109 2076 1147 2135 te
1164 2087 1241 2135 non
1264 2063 1364 2158 peri-

320 2176 426 2266 bunt,
441 2175 521 2248 haec
532 2176 712 2247 suutz-i.
727 2173 966 2249 Quadratum
976 2177 1148 2249 circuli—
1154 2177 1192 2248 ii.
1204 2176 1364 2248 Cubatio

320 2288 576 2385 sphaerae-iii.
595 2288 806 2383 Duplicatio
830 2288 1202 2362 cubi-iv.1nrentio
1226 2288 1363 2361 media-

319 2426 401 2474 rum
413 2414 648 2498 quotcunque
663 2401 760 2473 inter
772 2401 864 2473 duas
876 2414 997 2474 rectas
1009 2402 1201 2474 datas—r.
1220 2401 1364 2473 Divisio

320 2517 445 2612 anguli
459 2515 537 2588 dati
550 2514 589 2586 in
603 2515 747 2587 ratione
759 2514 945 2587 data-ri.
960 2515 1127 2587 Intentio
1140 2517 1259 2587 centri
1276 2539 1365 2609 gra-

321 2631 446 2703 vitatis
472 2627 804 2701 semicirculi—tii.
823 2629 1002 2702 Doctrina
1026 2631 1212 2702 rationum
1230 2643 1364 2701 tota-

205 2806 213 2821 .
321 2745 396 2817 viii.
416 2743 561 2816 Scabiei
581 2766 691 2839 quam
718 2745 930 2837 geometriae
954 2744 1163 2815 affricuerat
1186 2743 1365 2815 arithme-

322 2858 406 2945 tica,
421 2855 536 2953 (quod
552 2878 718 2927 meorum
732 2879 883 2950 operum
898 2856 1097 2928 maximnm
1112 2879 1189 2927 esse
1203 2855 1365 2951 judico),

322 2972 493 3044 detersio.
523 2969 795 3060 Lasseseojam.
827 2969 1069 3056 i'ale‚lector.
1102 2970 1151 3042 Et
1163 2983 1204 3042 tu
1216 2994 1366 3066 quoque

320 3085 413 3173 vale,
431 3083 617 3156 Professor
635 3083 835 3154 Sariliaue:
854 3095 890 3153 et
908 3082 1029 3153 fruere
1047 3082 1155 3154 unius
1169 3097 1206 3155 et
1223 3097 1366 3178 apertae
1400 3134 1414 3157 ,

322 3198 616 3295 reprehensionis
632 3196 787 3292 gloriola
808 3210 872 3267 tna
889 3197 968 3267 sine
987 3195 1133 3267 invidia.

562 3768 672 3817 FINIS
694 3766 932 3817 voncstlxts
953 3767 1122 3822 QUARTI.
