2888 4988
285 395 359 461 456
424 408 478 461 nn
499 408 731 462 nmncrrns
752 409 802 462 nr
820 407 1185 462 namocrnarronn

84 602 256 644 craxxrn.
283 599 350 674 per
381 590 560 674 puuctum
589 578 628 652 P.
687 576 796 651 Unde
825 575 966 674 judicio
1001 599 1185 664 sensuum,
1216 574 1333 649 tertia

70 671 243 785 affl
283 714 368 788 pars
385 701 496 764 rectae
514 690 575 764 BP
591 690 739 787 aequalis
756 690 827 764 erit
848 689 969 764 tertia
987 690 1082 786 parti
1100 700 1213 763 rectae
1232 688 1332 762 BM:

68 791 322 912 ,Tmmffiet
337 803 492 900 proinde
509 815 590 876 tota
607 804 667 878 BP
684 803 833 900 aequalis
851 802 923 876 toti
941 801 1026 874 ΒΜ.

71 927 113 965 aa
334 921 357 954 “
372 915 445 989 Sed
461 916 576 1005 haec,”
595 915 748 1013 inquies,
766 921 789 954 “
803 938 879 989 uon
900 938 1074 989 sensuum
1090 913 1156 987 sed
1171 913 1331 987 rationis

280 1027 419 1125 judicio
446 1027 726 1102 determinanda
751 1028 872 1102 sunt.”
925 1029 1041 1101 Recte
1059 1027 1175 1100 dicis:
1200 1027 1331 1123 itaque

282 1165 331 1215 ne
360 1141 487 1215 videar
518 1141 749 1215 severitatem
780 1141 1056 1237 disciplinarum
1090 1163 1331 1237 corrumpere

282 1254 387 1342 velle,
406 1253 623 1327 conabimur
640 1277 718 1327 rem
737 1254 998 1328 demonstrare.

333 1367 377 1440 In
408 1367 549 1441 duobus
577 1368 771 1464 triangulis
801 1367 992 1456 similibuS,
1021 1367 1052 1439 si
1082 1366 1179 1440 latus
1210 1390 1330 1439 unum

281 1479 392 1577 primi
409 1482 527 1578 majus
547 1481 606 1554 vel
631 1482 752 1555 minus
781 1481 893 1554 fuerit
917 1504 1028 1578 quam
1045 1480 1142 1553 latus
1158 1479 1329 1553 homolo-

282 1618 370 1690 gnm
406 1594 569 1681 secundi,
598 1594 709 1667 etiam
739 1594 882 1691 reliqua
911 1594 984 1667 duo
1010 1593 1127 1666 latera
1161 1592 1328 1688 ejusdem

281 1707 392 1804 primi
409 1706 550 1802 majora
566 1707 624 1779 vel
642 1707 785 1779 minora
814 1719 924 1780 erunt
949 1706 1096 1802 reliquis
1121 1704 1329 1801 homologis

283 1820 433 1893 secundi
450 1831 647 1916 utrumqne
666 1833 833 1915 utroque.
886 1818 931 1892 Id
955 1817 1054 1914 quod
1078 1840 1144 1914 per
1170 1840 1209 1891 se
1235 1818 1332 1891 satia

282 1932 516 2006 manifestum
534 1944 602 2005 est.

334 2045 517 2121 Quoniam
532 2058 589 2118 est
606 2046 642 2119 in
661 2045 855 2142 triangulis
873 2045 1052 2119 similibus
1066 2043 1190 2132 ΒΟΜ,
1203 2043 1328 2132 ΒΜΟ,

280 2172 325 2233 ut
342 2158 413 2233 BQ
429 2158 476 2231 ad
494 2158 580 2246 BM,
595 2159 649 2231 ita
666 2158 739 2233 BM
758 2159 805 2233 ad
817 2158 894 2249 ΒΟ,
909 2169 1018 2231 erunt
1036 2157 1116 2245 ΒΟ,
1131 2155 1170 2228 id
1187 2167 1244 2228 est
1262 2156 1328 2242 Be,

283 2273 369 2362 ΒΜ,
389 2272 454 2346 ΒΟ
478 2272 652 2345 continue
679 2272 998 2369 proportionales:
1025 2281 1062 2345 et
1086 2269 1182 2343 ratio
1201 2269 1253 2342 Be
1278 2270 1328 2342 ad

284 2385 349 2459 ΒΟ
369 2385 556 2481 duplicata
582 2386 735 2459 rationis
763 2387 816 2460 Be
836 2386 884 2459 ad
902 2384 989 2473 ΒΜ,
1007 2385 1066 2457 vel
1088 2383 1162 2456 ΒΜ
1180 2381 1228 2455 ad
1246 2382 1326 2455 ΒΟ.

283 2498 357 2573 Sed
374 2511 417 2572 ut
434 2498 487 2570 Be
505 2498 552 2571 ad
571 2498 657 2587 BM,
676 2500 728 2573 ita
745 2512 801 2573 est
819 2500 880 2574 BP
892 2499 939 2572 ad
955 2498 1035 2571 BN.
1089 2498 1214 2573 Quare
1226 2495 1326 2568 ratio

283 2613 336 2685 Bc
360 2612 407 2684 ad
431 2611 496 2685 ΒΟ
527 2612 714 2707 duplicata
740 2625 797 2686 est
826 2612 977 2685 rationis
1002 2612 1063 2686 BP
1083 2610 1130 2684 ad
1156 2609 1238 2683 BN.
1291 2610 1327 2682 A

281 2734 420 2820 puncto
443 2724 471 2798 P
497 2724 660 2819 erigatur
685 2725 733 2799 ad
764 2726 818 2798 Be
842 2723 1167 2822 perpendicularis
1195 2746 1327 2795 secans

283 2836 357 2909 ΒΜ
384 2835 604 2932 productam
630 2837 862 2932 ubicunqne:
889 2861 971 2934 quae
998 2835 1136 2909 incidet
1152 2834 1210 2908 vel
1232 2835 1272 2906 in
1291 2860 1324 2922 e,

281 2949 340 3022 vel
370 2951 475 3038 citra,
497 2949 555 3022 vel
583 2949 693 3038 ultra,
714 2962 753 3023 et
783 2950 975 3024 abscindet
1001 2975 1024 3023 a
1048 2948 1231 3046 producta
1248 2947 1325 3021 BM

281 3063 469 3167 majorem,
487 3062 545 3135 vel
571 3062 761 3151 minorem,
779 3089 889 3160 quam
911 3075 968 3137 cst
995 3063 1075 3159 ipsa
1092 3062 1155 3134 Be.
1209 3060 1247 3133 Si
1266 3062 1326 3133 in-

282 3176 382 3250 cidat
400 3178 437 3249 in
455 3177 572 3272 ipsum
587 3191 767 3272 punctum
780 3202 812 3262 e,
824 3190 933 3251 erunt
949 3187 1060 3250 rectae
1075 3175 1140 3264 Be,
1155 3174 1226 3262 BP,
1241 3174 1324 3261 BN,

282 3290 456 3363 continue
495 3291 800 3386 proportionales.
865 3290 932 3363 Sin
965 3289 1104 3362 incidat
1138 3289 1232 3361 citra
1263 3287 1324 3359 vel

282 3404 379 3477 ultra
394 3427 426 3492 e,
449 3403 519 3475 erit
545 3403 639 3476 ratio
661 3402 851 3500 cujusdam
877 3412 990 3475 rectae
1012 3400 1161 3496 majoris
1177 3399 1235 3472 vel
1252 3400 1325 3472 mi-

282 3517 382 3588 noris
401 3539 509 3610 quam
521 3516 574 3588 Be
587 3515 634 3588 ad
648 3516 719 3607 BP,
734 3516 920 3611 duplicata
936 3514 1089 3588 rationis
1108 3513 1168 3587 BP
1181 3513 1229 3586 ad
1240 3512 1322 3600 BN,

283 3630 359 3702 sive
384 3629 458 3702 BM
484 3629 531 3702 ad
558 3628 634 3702 ΒΟ.
687 3629 798 3704 Quod
827 3639 883 3701 est
914 3627 1124 3715 absurdum,
1145 3650 1229 3699 cum
1258 3626 1321 3722 Be,

283 3742 369 3830 BM,
390 3740 466 3829 ΒΟ,
485 3743 558 3814 sint
576 3741 748 3815 continue
765 3741 1068 3838 proportionales
1122 3740 1216 3813 Sunt
1234 3763 1322 3834 ergo

282 3855 345 3945 Be,
366 3854 437 3942 BP,
457 3854 525 3926 BN
544 3857 716 3927 continue
743 3853 1047 3950 proportionales.
1102 3852 1174 3924 Sed
1192 3865 1234 3924 ut
1253 3852 1323 3927 ΒΟ

281 3966 328 4039 ad
356 3967 427 4055 BP,
446 3967 498 4039 ita
523 3981 580 4039 est
604 3968 655 4039 Be
681 3967 729 4040 ad
755 3966 840 4039 ΒΜ.
897 3966 993 4038 Sunt
1015 3976 1138 4039 autem
1164 3965 1244 4052 ΒΟ,
1269 3964 1324 4037 Be

281 4079 452 4175 aequales,
506 4079 629 4153 Quare
664 4081 775 4153 etiam
811 4081 882 4170 BP,
919 4078 994 4152 ΒΜ
1030 4090 1116 4151 sunt
1150 4076 1319 4173 aequales.

283 4191 421 4264 Radius
439 4215 526 4287 ergo
544 4192 671 4265 circuli
688 4218 761 4266 una
778 4218 861 4266 cum
879 4203 1055 4289 tangente
1069 4201 1116 4266 30
1127 4191 1320 4288 graduum,

283 4305 432 4410 aelqualis
451 4317 505 4379 est
524 4317 636 4378 rectae
662 4331 744 4403 quae
775 4308 963 4382 subtendit
986 4306 1161 4403 angulum
1179 4316 1321 4378 rectum
