2888 5002
359 451 674 505 uarunuurrcn
695 454 939 509 uonrunum.
1107 437 1175 515 179

132 626 168 708 0,
183 627 219 704 3,
229 628 266 709 6,
280 627 321 703 93
347 618 411 691 ubi
429 642 573 691 summa
591 621 759 693 maximae
777 634 814 694 et
832 622 1004 709 minimae,
1016 619 1054 692 id
1067 632 1124 692 est
1138 628 1174 708 9,
1216 649 1364 689 nursam

132 732 245 805 ducta
260 733 298 805 in
316 732 503 806 semissem
521 733 665 805 numeri
683 734 935 823 terminorum,
952 745 987 822 2,
1005 733 1094 806 facit
1117 741 1173 821 18,
1217 731 1361 834 „L

132 847 319 919 semissem
337 847 440 919 ducti
453 855 476 919 9
489 847 529 919 in
546 868 742 919 numerum
759 848 1000 923 terminorum
1012 856 1048 919 4.
1081 847 1175 920 Geo-

131 960 285 1033 metrice
315 959 428 1032 etiam
455 959 605 1055 probari
633 972 769 1056 potest,
797 960 928 1036 eodem
958 974 1177 1056 argumento

131 1087 206 1170 quo
218 1072 444 1169 triangulum
458 1071 668 1145 ostenditur
677 1074 1011 1171 parallelogrammi
1028 1075 1085 1148 sui
1098 1097 1177 1147 esse

131 1186 336 1259 dimidium.

180 1298 230 1371 A.
257 1300 500 1373 Notissimum
521 1310 589 1373 est.
641 1299 715 1372 Sed
744 1323 819 1371 uon
851 1300 912 1372 hic
943 1300 989 1372 de
1019 1300 1176 1372 veritate

129 1413 306 1508 quaeritur
322 1413 579 1502 conclusionis,
607 1412 672 1486 sed
690 1413 1025 1486 demonstrationis.
1079 1414 1176 1486 Nam

129 1549 197 1621 per
213 1526 463 1600 inductionem
482 1528 628 1622 probat.
680 1527 854 1601 Inductio
872 1538 997 1600 autem
1025 1526 1176 1599 demon-

129 1640 262 1712 stratio
279 1664 354 1713 nou
373 1650 441 1728 est,
459 1640 529 1712 nisi
547 1639 611 1712 ubi
628 1639 866 1736 particularia
883 1640 1008 1712 omnia
1030 1662 1178 1712 enume-

129 1763 272 1842 rantur,
287 1753 387 1849 quod
403 1754 464 1825 hic
487 1764 544 1825 est
565 1752 804 1848 impossibile.
849 1753 979 1847 Itaque
993 1776 1077 1825 cum
1091 1763 1176 1848 post

130 1867 299 1962 exposita
327 1867 466 1963 aliquot
488 1866 727 1962 particularia
747 1867 939 1962 subjungit
950 1865 1069 1939 .·-Et
1078 1867 1176 1963 puri

129 1979 238 2052 modo
255 1978 523 2077 quantumlibet
544 1980 832 2077 progediuruur,
841 1979 1014 2078 prodibit
1029 2002 1176 2077 semper

130 2093 232 2166 ratio
248 2092 433 2191 subdupla
449 2093 671 2167 :-libenter
684 2094 793 2166 velim
812 2095 918 2180 scire,
932 2094 1030 2167 uude
1044 2094 1082 2167 id
1093 2095 1174 2180 scit,

130 2205 200 2279 nisi
218 2229 367 2279 causam
384 2206 549 2301 proferat
564 2220 630 2279 aut
647 2208 739 2280 sciat
756 2232 869 2303 quare
887 2208 1093 2281 necessario
1123 2207 1176 2280 ita

130 2331 198 2393 est.
252 2319 423 2392 Secunda
458 2320 661 2417 propositio
697 2320 825 2394 eadem
849 2333 905 2394 est
933 2345 1016 2394 cum
1044 2320 1175 2417 prima,

133 2436 188 2526 (et
214 2443 412 2530 propterea
438 2431 541 2518 falsa,
558 2444 602 2506 ut
630 2433 703 2505 alio
731 2445 895 2529 tempore
928 2433 1175 2524 ostendetur),

130 2546 202 2619 nisi
220 2545 321 2642 quod
337 2544 442 2618 addit
458 2546 556 2618 idem
572 2547 800 2641 contingere,
820 2549 889 2620 etsi
907 2570 1082 2620 numerus
1099 2558 1175 2618 ter·

128 2660 313 2732 minorum
326 2659 376 2731 sit
391 2659 570 2732 infinitus.

182 2772 232 2846 B.
259 2772 303 2846 Id
321 2786 421 2846 certe
439 2773 573 2846 falsum
590 2786 656 2846 est.
710 2773 900 2869 Siquidem
928 2773 1025 2845 enim
1046 2795 1175 2845 nume-

128 2910 255 2959 rorum
273 2885 421 2960 termini
449 2909 603 2959 numero
633 2886 768 2959 infiniti
796 2900 931 2976 essent,
961 2886 1073 2959 etiam
1101 2900 1175 2958 ter-

129 3000 252 3074 minus
286 2999 467 3072 maximus
502 2999 602 3072 solus
635 3022 770 3094 perse
804 3001 970 3073 infinitus
1007 3010 1114 3088 esset,
1138 3011 1176 3073 et

129 3138 273 3187 summa
300 3112 544 3186 terminorum
575 3136 729 3186 numero
759 3114 989 3186 infinitorum
1017 3113 1175 3186 semissis

128 3240 228 3301 esset
245 3227 398 3299 infinitae
416 3249 569 3299 summae
586 3222 761 3298 infinities
778 3225 1042 3322 multiplicatae.

179 3338 227 3413 A.
255 3341 340 3414 Non
358 3340 571 3437 illeprimus
589 3362 627 3411 se
645 3338 767 3412 induit
797 3340 968 3413 absurdis
995 3364 1078 3437 quae
1106 3340 1176 3412 cir-

128 3464 316 3527 cumstant
340 3451 631 3548 contemplantes
666 3452 899 3526 infinitatem.
970 3453 1176 3549 Propositio

130 3567 242 3640 tertia
252 3568 331 3641 haec
343 3577 418 3639 cst:
441 3565 694 3665 Triangulum
707 3565 761 3638 ad
764 3567 1175 3665 parallelogrammum,

129 3702 244 3776 cuper
261 3680 399 3775 oequuli
416 3679 498 3752 buri
515 3704 620 3776 oeque
636 3678 765 3768 ultum,
779 3689 838 3753 est
854 3691 894 3753 ut
916 3691 929 3754 l
953 3682 1008 3755 ud
1023 3688 1057 3754 2.
1095 3683 1175 3754 lmo

128 3815 230 3881 vero,
240 3816 316 3865 non
327 3816 434 3890 ergo,
447 3791 513 3866 sed
525 3804 678 3888 propter
690 3815 819 3865 causas
832 3794 878 3865 ab
891 3794 1044 3866 Euclide
1058 3795 1176 3867 dictas

131 3904 264 3999 (Elem.
290 3914 320 3978 l.
339 3930 443 4001 prop.
462 3907 542 4000 41).
596 3903 698 3977 Idem
717 3905 914 3978 dicendum
941 3921 999 3979 est
1015 3907 1063 3980 ad
1090 3932 1175 4003 pro-

127 4019 349 4116 positionem
367 4031 536 4115 quartam
551 4017 598 4091 de
615 4018 770 4092 conoide
787 4020 1011 4115 parabolico,
1024 4032 1176 4115 propter

128 4155 259 4206 causas
294 4132 341 4205 ab
372 4131 453 4205 aliis
484 4131 676 4204 exhibitas.
746 4133 1001 4229 Propositione
1036 4133 1175 4227 quinta,

129 4247 258 4320 eadem
273 4243 449 4318 methodo
467 4244 624 4341 probare
641 4244 719 4317 vult
738 4245 872 4318 lineam
900 4246 1070 4342 spiralem
1097 4269 1177 4319 esse

1016 4380 1077 4429 ua
