2888 4988
297 391 370 459 506
554 480 557 487 ⁴
624 402 878 457 nnemcarro
900 403 1012 456 cna1.

104 601 188 642 raon.
202 600 258 642 xrs
346 572 502 645 Constat
513 569 616 660 item,
633 570 721 643 siin
740 584 843 644 recta
860 570 945 660 GH,
963 592 1045 666 qnae
1062 576 1118 643 est
1136 569 1250 666 dupla
1268 567 1344 660 OG,

111 670 255 706 ’φ’
295 698 463 761 sumatur
479 684 539 783 Gp
556 708 640 781 qnae
657 685 707 756 sit
732 683 845 780 dupla
861 685 939 767 Ae;
966 708 1052 757 enm
1079 684 1127 757 Gi
1154 684 1204 758 sit
1232 682 1345 780 dupla

295 800 370 885 Zc;
397 810 556 895 quatuor
573 810 692 872 rectas
710 797 794 887 GH,
813 797 869 884 Gi,
883 795 954 896 Gp,
969 795 1044 888 GC,
1065 820 1145 871 esse
1168 798 1344 871 continue

294 911 602 1009 proportionales
655 911 787 1007 Itaque
813 911 935 1008 posito
964 912 1101 985 cubum
1121 936 1144 985 a
1167 910 1239 985 GH
1267 935 1345 984 esse

297 1034 359 1116 64,
377 1026 494 1098 cubus
511 1049 534 1098 a
549 1023 598 1099 Gi
613 1024 684 1097 erit
701 1034 762 1114 32,
782 1025 897 1097 cubus
914 1047 937 1097 a
953 1024 1014 1122 Gp
1035 1033 1091 1114 16,
1106 1025 1223 1098 cubus
1241 1048 1266 1097 a
1282 1024 1345 1099 GC

298 1148 334 1228 8,
347 1140 463 1213 cubus
479 1163 502 1212 a
518 1137 570 1211 Zc
582 1147 620 1227 4,
631 1138 747 1211 onbns
760 1138 807 1211 ab
824 1137 868 1211 eb
887 1141 922 1228 2,
936 1139 1051 1212 cnbns
1068 1163 1092 1212 a
1108 1138 1150 1212 kl
1165 1138 1224 1211 vel
1237 1137 1296 1210 Ak
1312 1146 1343 1211 l.

348 1253 454 1342 Item,
472 1251 652 1349 sphaeram
670 1250 793 1325 medio
819 1251 901 1325 loco
925 1251 1243 1349 proportionalem
1265 1275 1344 1325 esse

297 1363 396 1438 inter
413 1365 586 1439 cnbnma
602 1365 658 1439 sni
677 1365 791 1461 ipsius
809 1365 1003 1454 diametro,
1017 1377 1056 1439 et
1069 1366 1206 1440 cubum
1221 1389 1245 1438 a
1258 1389 1344 1462 qna·

298 1478 430 1552 drante
446 1478 637 1575 perimetri
654 1478 784 1551 circuli
802 1478 858 1550 sui
876 1477 1037 1552 maximi.

348 1591 456 1680 Item,
473 1591 592 1665 latera
619 1592 782 1688 quinque
811 1592 1013 1687 figurarum
1042 1589 1270 1687 regularium
1293 1589 1344 1679 (ln

297 1706 367 1779 hac
384 1706 505 1800 figura
517 1704 557 1797 ii)
569 1703 847 1799 distinguuntur
860 1704 957 1776 sieut
973 1705 1149 1801 sequitur.
1203 1703 1244 1777 Si
1261 1727 1344 1777 cen·

297 1829 356 1893 tro
375 1817 414 1908 P,
432 1818 625 1891 intervallo
649 1817 711 1892 ΡΥ
728 1817 787 1890 vel
809 1818 886 1905 Po,
914 1816 1146 1892 describatur
1173 1817 1344 1906 circulos,

297 1932 394 2005 latus
412 1930 612 2027 pentagoni
625 1931 763 2004 circulo
779 1930 867 2004 hinc
884 1929 1053 2028 inscripti
1071 1931 1142 2004 erit
1157 1932 1256 2006 latus
1273 1932 1345 2005 ico

298 2045 444 2119 sahedri
473 2044 642 2141 inscripti
672 2045 825 2141 sphaerae
849 2047 954 2142 cujus
985 2045 1164 2120 diameter
1191 2057 1250 2118 est
1276 2045 1345 2133 Oo,

298 2169 467 2230 centrum
480 2156 506 2231 l.
558 2157 655 2231 Nam
669 2159 889 2254 quadratum
907 2160 954 2233 ab
971 2159 1033 2235 YP
1049 2160 1107 2234 vel
1122 2158 1189 2235 Po
1204 2158 1345 2252 aeqnale

298 2283 356 2343 est
373 2268 532 2366 quinque
559 2270 748 2366 quadratis
771 2294 794 2343 a
814 2271 944 2366 quinta
966 2284 1070 2369 parte
1093 2271 1266 2346 diametri
1289 2272 1345 2345 00

297 2383 355 2456 vel
374 2380 449 2458 Gn.
493 2380 585 2456 Cum
602 2384 702 2457 enim
719 2383 977 2479 qnadratnma
994 2383 1057 2460 GC
1074 2384 1217 2482 aequale
1234 2385 1284 2459 sit
1296 2393 1344 2459 25

298 2496 488 2593 quadratis
515 2521 538 2569 a
564 2498 693 2594 quinta
720 2497 777 2570 sui
804 2510 922 2594 parte,
950 2498 1170 2595 quadratum
1199 2497 1247 2571 ab
1273 2497 1346 2573 ΥΩ

296 2610 438 2710 Ιωιιιιειίθ
462 2610 533 2683 erit
551 2619 599 2685 20
627 2611 815 2705 quadratis
846 2635 869 2684 a
891 2612 1021 2707 quinta
1046 2624 1153 2709 parte
1178 2611 1345 2707 ejusdem

299 2723 363 2796 Gc
380 2722 438 2796 vel
455 2723 522 2796 00.
548 2723 648 2818 Ergo
666 2723 886 2819 quadratum
903 2725 951 2798 ab
964 2725 1027 2797 YP
1042 2724 1100 2798 vel
1119 2725 1198 2814 Po,
1212 2746 1345 2819 nempe

298 2847 430 2931 quarta
454 2859 540 2931 pars
564 2835 736 2931 quadrati
763 2838 811 2909 ab
832 2833 916 2927 YQ,
934 2836 1074 2934 aeqnale
1101 2848 1158 2910 est
1183 2837 1345 2934 quinque

300 2949 526 3046 quadratisa
542 2949 671 3046 quinta
687 2961 792 3046 parte
813 2949 982 3022 diametri
1000 2950 1068 3022 Οο.
1120 2951 1247 3025 Quare
1263 2951 1346 3046 (per

298 3062 402 3134 Eucl.
430 3063 505 3135 xiii.
540 3064 598 3149 16)
633 3061 729 3134 latus
761 3061 967 3136 icosahedri
999 3062 1152 3158 sphaerae
1176 3063 1345 3160 inscripti

299 3177 403 3272 cujus
421 3175 601 3249 diamater
617 3185 675 3249 est
691 3175 759 3263 00,
777 3175 917 3271 aeqnale
934 3185 991 3248 est
1013 3175 1121 3248 lateri
1145 3177 1346 3274 pentagoni

298 3288 466 3384 inscripti
484 3288 621 3360 circulo
639 3289 743 3382 eujus
762 3286 941 3360 diameter
956 3299 1012 3362 est
1031 3285 1115 3378 YQ.

349 3402 462 3475 Latus
481 3402 564 3475 cubi
591 3399 712 3474 eidem
729 3400 882 3497 sphaerae
900 3401 1068 3498 inseripti
1086 3412 1142 3475 est
1167 3412 1271 3475 recta
1287 3401 1345 3475 Ga

298 3514 357 3587 vel
374 3514 431 3605 Οἱ,
444 3538 574 3610 nempe
591 3526 748 3610 tangens
766 3524 814 3590 30
829 3515 1012 3611 graduum
1030 3515 1068 3587 in
1087 3515 1226 3588 circulo
1241 3517 1346 3610 cnjus

300 3627 572 3701 semidiameter
590 3638 646 3701 est
667 3628 741 3702 BC.
794 3629 891 3702 Nam
910 3627 984 3715 BC,
1004 3627 1082 3700 sive
1108 3627 1176 3716 00,
1193 3627 1345 3722 triplum

299 3753 424 3837 potest
454 3739 640 3837 tangentis
663 3750 710 3815 30
728 3743 922 3837 graduum,
947 3741 1104 3837 ideoque
1128 3741 1210 3834 (per
1238 3739 1345 3814 Encl.

298 3854 375 3928 xiii.
398 3855 458 3945 15)
479 3854 537 3926 Ga
555 3865 610 3926 est
633 3854 728 3927 latns
746 3856 831 3927 cubi
849 3855 1016 3952 inseripti
1039 3853 1160 3926 eidem
1178 3853 1344 3949 sphaerae.

349 3967 463 4039 Latus
477 3966 723 4039 dodecahedri
741 3968 779 4039 in
792 3967 920 4040 eadem
935 3968 1080 4064 sphaera
1097 3965 1278 4062 inscripti,
1290 3978 1346 4038 est

299 4081 416 4174 majus
435 4092 663 4175 segmentum
682 4091 793 4153 reotae
813 4079 880 4166 Ga,
899 4080 937 4152 id
954 4092 1011 4154 est
1030 4078 1155 4153 lateris
1174 4078 1272 4166 cubi,
1286 4102 1345 4150 ex·

298 4204 417 4268 trema
435 4205 472 4265 et
484 4192 606 4264 media
623 4192 766 4264 ratione
785 4193 876 4264 secti
898 4194 978 4289 (per
997 4193 1103 4266 Enel.
1118 4192 1195 4265 xiii.
1219 4192 1294 4286 17).

351 4307 463 4381 Lotus
482 4304 684 4380 tetrahedri
702 4307 842 4402 aequale
861 4317 917 4379 est
934 4318 1043 4381 rectae
1062 4330 1144 4405 qnae
1156 4303 1345 4379 subtendit
