2888 5002
385 429 565 481 cuaarro
587 431 780 499 spamam,
800 431 889 483 arc.
1083 419 1149 483 521

113 593 212 689 quod
230 618 364 667 nomen
384 620 507 668 meum
528 621 701 693 maguum
721 608 787 686 est,
806 597 906 694 quod
926 598 963 671 iu
988 598 1059 672 illis
1081 623 1155 673 nou
1249 630 1291 668 an

113 718 182 778 est.
234 708 375 804 Itaque,
389 709 641 804 judicantibus
653 710 741 782 viris
757 711 883 784 liberis
895 711 1156 807 prudentibus-
1169 709 1367 750 ‘⁸⁰⁹⁸⁸⁸⁰¹³¹⁸

113 844 195 916 que,
213 819 351 894 victum
378 846 416 895 se
444 847 521 896 esse
548 824 756 896 confitetur.
809 823 883 897 Sed
907 823 1005 896 unde
1023 824 1157 898 accidit
1189 791 1352 895 Q

111 947 155 1006 ut
173 933 373 1024 Professor,
388 936 450 1031 qui
463 958 597 1008 nomen
616 959 738 1008 meum
756 960 931 1033 maguum
945 961 1024 1010 esse
1036 950 1155 1034 putat,

113 1071 220 1121 suum
238 1072 316 1121 esse
334 1072 410 1122 non
428 1062 546 1144 putat,
565 1074 650 1122 cum
675 1051 786 1123 toties
812 1076 870 1124 mc
887 1052 1154 1148 prostraverit?

114 1161 411 1258 Conquereretur
428 1163 525 1236 forte
540 1162 585 1235 de
599 1164 809 1258 ignorantia
822 1165 1079 1260 judicantium.
1107 1166 1156 1237 At

113 1297 179 1346 cur
190 1299 264 1348 non
276 1299 451 1371 magnum
464 1300 597 1349 nomeu
609 1278 723 1350 habet
733 1278 795 1350 ille
809 1278 906 1375 apud
919 1279 1155 1375 algebristas?

113 1388 210 1462 Quia
227 1389 450 1485 impossibile
469 1403 559 1463 erat.
597 1391 691 1465 Sunt
704 1392 801 1464 euim
822 1416 948 1465 omnes
966 1393 1043 1465 fere
1059 1392 1156 1464 inter

112 1526 149 1574 se
168 1503 337 1597 aequales.
390 1505 482 1594 lmo‚
501 1517 588 1578 sunt
604 1506 702 1578 inter
719 1505 800 1579 illos
818 1505 931 1602 aliqui
949 1506 1012 1603 qui
1030 1505 1154 1579 celeri·

113 1627 189 1689 tate
206 1617 346 1711 ingenii
365 1617 613 1691 Professorem
639 1619 749 1715 louge
771 1632 957 1715 superant,
976 1630 1013 1691 et
1038 1619 1153 1691 multo

110 1729 233 1825 plures
252 1730 425 1803 veritates
442 1730 480 1802 in
499 1730 629 1803 eodem
655 1743 822 1827 tempore
847 1755 957 1826 quam
980 1731 1042 1803 ille
1066 1755 1154 1804 con-

110 1842 230 1916 futare
251 1856 417 1939 possunt.

162 1957 357 2031 Quomodo
376 1968 499 2030 autem
524 1957 771 2031 necessarium
789 1967 880 2045 erat,
898 1957 936 2028 iu
950 1957 1153 2055 quaestione

111 2072 383 2159 mathematica,
402 2071 601 2145 admonere
614 2094 834 2168 quemquam
853 2070 1153 2167 quolisfucrim?

110 2184 242 2257 Dicere
260 2185 376 2280 qualis
394 2185 538 2275 fuerim,
558 2209 632 2257 non
650 2197 706 2256 est
723 2207 858 2256 meum.
911 2183 985 2257 Qui
1003 2206 1153 2256 convcr-

110 2299 250 2370 satione
269 2322 351 2371 mea
379 2299 435 2371 usi
459 2312 546 2372 sunt
566 2299 789 2394 frequenter,
807 2296 861 2369 illi
885 2296 1022 2370 dicant.
1074 2298 1153 2392 Ego

110 2411 229 2483 dicam
262 2422 418 2501 tantum,
449 2412 566 2508 qualis
595 2435 671 2483 non
701 2409 846 2482 fuerim.
900 2409 1043 2482 Bellum
1073 2422 1154 2483 erat

110 2526 236 2598 civile:
256 2549 325 2620 ego
343 2526 381 2597 in
399 2526 565 2621 partibus
584 2537 714 2597 contra
731 2547 856 2620 regem
882 2547 1069 2619 nunquam
1087 2523 1153 2596 fui.

109 2641 188 2735 Ego
206 2639 445 2734 epistolarum
463 2663 580 2736 neque
595 2639 704 2734 regis,
718 2661 836 2734 neque
854 2639 1068 2733 cujusquam
1090 2637 1152 2733 qui

108 2776 228 2847 arege
246 2753 359 2838 stetit,
372 2777 507 2825 arcana
524 2753 651 2849 aperui
662 2764 726 2825 aut
739 2752 896 2825 inimicis
911 2750 1069 2847 prodidi.
1109 2751 1153 2822 In
1261 2815 1269 2831 ,

109 2867 190 2960 lege
207 2865 411 2938 Amnestiae
438 2890 520 2961 quae
548 2876 703 2960 sequuta
728 2877 796 2951 est,
823 2865 1004 2960 flagitium
1029 2888 1152 2937 meum

109 2977 251 3050 nullum
272 2978 496 3050 nominator.
548 2979 627 3073 Ego
648 2977 751 3050 illum
768 3001 843 3051 non
861 2975 1043 3050 lacessivi:
1070 2987 1152 3048 tan·

108 3089 300 3163 tummodo
331 3089 517 3184 respondi,
548 3089 601 3161 ita
630 3100 672 3161 ut
706 3102 1026 3175 commoveretur;
1052 3088 1152 3185 quod

109 3205 292 3301 flagitium
305 3226 380 3276 uon
394 3214 461 3275 est.
489 3200 734 3298 Conqueritur
748 3202 845 3273 sicut
861 3224 964 3297 puer,
977 3201 1151 3298 quianon

108 3319 238 3390 vincit:
269 3341 353 3389 cum
378 3328 501 3389 tamen
531 3315 588 3387 sui
610 3314 724 3410 ipsius
749 3315 857 3410 culpa
880 3315 940 3403 sit,
959 3314 1058 3411 quod
1076 3337 1151 3389 non

108 3431 277 3503 videatur
312 3431 436 3503 multis
472 3452 551 3502 esse
586 3427 730 3502 doctus.
796 3428 976 3502 Ausculta
1011 3429 1151 3526 paucio,

108 3544 140 3616 Ο
156 3543 344 3616 Professor
360 3543 600 3617 Academico!
643 3542 682 3615 Si
701 3542 756 3615 vis
774 3566 852 3615 esse
870 3542 1020 3638 aliquid,
1034 3542 1092 3615 fac
1110 3556 1151 3615 ut

108 3681 189 3753 quae
218 3657 346 3729 scribis
376 3681 398 3728 a
426 3656 702 3753 quamplurimis
734 3655 999 3751 intelligantur.
1053 3655 1151 3729 Cave

108 3796 196 3866 crgo
208 3796 230 3843 a
242 3769 582 3867 Symbolographia‚
595 3769 665 3842 nisi
679 3767 804 3865 siqua*
819 3769 989 3841 omnibus
1000 3769 1151 3864 cognita

107 3884 230 3956 tuerit.
276 3883 386 3956 Utilis
398 3882 552 3955 fortasse
567 3906 645 3955 esse
658 3894 782 3978 potest
796 3882 864 3954 tibi
878 3881 947 3978 ipsi
960 3881 998 3954 iu
1013 3905 1149 3955 musaeo

108 4011 195 4071 tuo:
222 3997 343 4070 sedin
361 3995 511 4092 populo,
531 4009 568 4067 et
587 4009 692 4069 extra
708 4008 846 4067 sectam
871 4006 974 4067 tuam
998 3994 1149 4086 (sectam

107 4110 190 4183 dico
225 4109 536 4202 mathematicam)
570 4108 829 4181 incantationis
863 4121 902 4181 et
936 4109 1149 4204 imposturae

488 4363 503 4395 *
526 4360 574 4421 Sic
589 4363 657 4420 cdit.
676 4364 761 4420 1669.

206 4476 299 4529 VOL.
315 4477 370 4528 tv.
