2888 5002
387 409 704 491 uarnnuaricn:
725 438 967 490 nonmnnn.
1133 419 1197 497 171

210 605 259 679 A.
286 604 477 680 Circulum
507 630 581 679 non
609 606 719 679 modo
749 605 889 679 circino
915 606 1072 679 describi
1093 627 1202 701 posse
1239 628 1392 670 mmoous

158 719 268 808 nosti,
282 718 348 791 sed
365 721 477 793 etiam
494 719 671 793 continua
686 721 844 794 flexione
861 731 985 794 rectae.
1038 720 1091 793 Ut
1104 719 1204 792 enim
1243 712 1386 816 „L

159 843 260 904 reeta
275 832 374 905 linea
389 832 512 929 frangi
524 846 649 930 potest
664 834 703 906 in
716 833 941 931 polygonum
955 833 1101 929 quotvis
1113 833 1205 906 late·

159 969 241 1018 rum
255 946 468 1041 aequalium;
481 948 536 1020 ita
545 948 646 1020 flecti
658 959 792 1043 potest
803 947 843 1020 id
855 957 921 1036 est,
936 948 975 1020 in
987 947 1088 1019 omni
1099 958 1206 1042 parte

158 1058 291 1154 frangi,
310 1060 349 1133 in
365 1061 592 1158 polygonum
608 1061 765 1134 laterum
779 1086 932 1135 numero
950 1061 1192 1134 infinitorum.

211 1172 260 1245 B.
289 1173 386 1246 Seio.

208 1285 246 1357 Α
250 1344 258 1361 .
286 1286 391 1359 Prior
406 1288 598 1382 generatio
615 1287 723 1360 lineae
736 1287 926 1360 circularis
944 1296 1000 1360 est
1015 1286 1206 1383 generatio

160 1399 207 1470 ab
224 1399 343 1489 initio,
361 1400 464 1473 nulla
481 1401 740 1496 praeexistente
756 1400 854 1472 linea
870 1411 996 1483 recta;
1021 1399 1205 1496 posterior

158 1513 429 1608 praeexistentis
445 1525 557 1588 rectae
574 1513 732 1587 mutatio
749 1508 958 1586 incurvam
975 1511 1204 1586 circularem.

209 1625 258 1697 B.
286 1626 344 1698 Ita
360 1638 427 1700 est.

209 1735 257 1809 A.
285 1737 380 1812 Sunt
396 1751 520 1812 autem
538 1763 732 1813 curvarum
745 1738 827 1811 aliae
841 1737 970 1835 magis,
985 1737 1068 1811 aliae
1084 1738 1206 1811 minus

159 1875 294 1924 curvae.
346 1852 476 1953 Itaque
508 1865 548 1925 et
580 1853 753 1926 curvitati
787 1853 888 1926 omni
921 1875 988 1925 sua
1017 1861 1075 1925 est
1104 1863 1206 1926 certa

160 1965 357 2061 quantitas.

214 2076 256 2151 B.
282 2079 360 2152 Est.

212 2192 260 2265 Α.
287 2193 336 2265 Et
352 2193 524 2266 curvitati
540 2192 710 2266 circulari
727 2216 794 2266 sua
809 2205 913 2266 certa
929 2194 1129 2289 quantitas.

209 2307 260 2380 B.
285 2306 419 2380 Etiam.

210 2418 259 2491 Α.
287 2419 327 2491 Si
340 2428 660 2514 quaeraturautem
674 2418 832 2492 duorum
845 2443 998 2493 arcuum
1010 2419 1206 2514 aequalium

161 2534 199 2604 in
217 2532 370 2606 diversis
386 2533 543 2623 circulis,
553 2544 639 2607 uter
655 2533 705 2606 sit
721 2532 840 2628 magis
856 2555 1002 2620 curvus
1020 2530 1206 2627 quomodo

160 2644 467 2740 respondebitur?

210 2759 260 2832 B.
287 2759 434 2848 Nescio,
448 2759 518 2833 nisi
531 2759 631 2856 quod
643 2759 734 2832 mihi
747 2758 896 2854 quidem
906 2757 1075 2830 videatur
1084 2756 1206 2829 minor

161 2873 319 2945 circulus
346 2895 426 2945 esse
451 2873 569 2968 magis
596 2895 742 2946 curvus.
793 2871 890 2944 Nam
912 2871 987 2966 legi
1009 2871 1048 2943 in
1065 2869 1205 2944 Galileo

162 2987 263 3083 quod
290 3010 397 3060 arcus
422 2987 561 3076 circuli,
580 2987 611 3059 si
637 2985 762 3059 radius
791 2995 887 3059 esset
914 2984 1091 3077 infinitus,
1109 2994 1207 3056 esset

159 3099 257 3172 linea
272 3111 387 3172 reeta.

211 3211 261 3286 A.
287 3213 368 3308 Ego
384 3236 472 3287 vero
499 3213 663 3286 omnium
689 3212 911 3286 circulorum
928 3212 1158 3308 perimetros,
1176 3210 1208 3282 si

160 3336 260 3399 totas
277 3338 434 3421 spectes,
452 3325 536 3400 dieo
553 3349 659 3421 aeque
682 3349 761 3399 esse
780 3349 932 3409 curvas;
959 3325 1047 3397 item
1063 3334 1207 3420 partem

159 3438 350 3535 perimetri
373 3439 494 3529 unius,
513 3439 669 3512 similem
695 3439 792 3535 parti
818 3438 982 3526 alterius,
999 3460 1078 3511 esse
1101 3459 1208 3532 aeque

161 3576 324 3625 curvam.
376 3552 457 3626 Nee
474 3552 651 3627 dissentio
668 3576 690 3624 a
707 3551 858 3625 Galileo.
910 3551 1007 3625 Nam
1024 3552 1056 3624 si
1078 3551 1118 3623 in
1143 3573 1207 3646 pe-

160 3665 322 3737 rimetris
350 3664 579 3739 diversorum
613 3664 835 3737 circulorum
869 3687 976 3737 arcus
1009 3663 1208 3760 sumpseris

161 3779 333 3875 aequales,
350 3779 467 3874 magis
491 3802 624 3852 curvus
650 3790 706 3851 est
727 3778 760 3850 is
788 3779 851 3874 qui
877 3779 1036 3851 sumitur
1053 3778 1092 3850 in
1109 3776 1207 3873 peri·

160 3906 282 3965 metro
309 3893 463 3967 minore.
515 3892 559 3964 Id
582 3890 684 3987 quod
708 3892 827 3965 voluit
846 3892 1016 3966 Galileus.
1068 3891 1207 3964 Verum

160 4007 190 4079 si
208 4006 409 4101 sumpseris
421 4028 528 4079 arcus
541 4005 846 4101 proportionales,
858 4029 964 4101 aeque
976 4004 1079 4078 curvi
1097 4014 1206 4086 sunt;

161 4130 203 4190 ut
238 4141 395 4212 quorum
429 4118 631 4191 curvitates
660 4118 831 4191 oriuntur
861 4142 884 4190 a
913 4118 1067 4192 totidem
1093 4127 1207 4189 reetae

160 4232 268 4304 lineae
293 4231 545 4319 fractionibuS,
563 4231 601 4303 in
629 4231 796 4326 partibus
823 4232 991 4322 totidem,
1010 4255 1091 4326 quae
1118 4243 1206 4303 sunt

160 4368 315 4420 numero
333 4346 499 4434 infinitae,
516 4345 862 4442 proportionalibus.
