2888 5002
247 1004 674 1091 PROBLEMATA
718 1004 997 1091 PHYSICA.

317 1594 594 1647 PROBLEMATA
613 1596 667 1647 Du
688 1595 935 1648 Gnuvrraru.

157 1719 203 1795 A.
231 1721 454 1798 Quamnam
484 1736 592 1820 putas
622 1746 701 1797 esse
726 1746 832 1819 posse
862 1747 1022 1813 causam,
1044 1722 1144 1819 quod
1205 1764 1271 1805 w,
1287 1763 1307 1803 ι,

106 1835 247 1931 lapides
263 1835 406 1931 aliaque
419 1859 574 1933 corpora
590 1836 779 1910 terrestria
794 1837 833 1909 in
846 1837 961 1910 altum
979 1838 1144 1933 projecta
1173 1829 1329 1949 m,

107 1949 184 2021 sive
201 1962 340 2038 evecta,
357 1961 396 2022 et
413 1950 498 2024 dein
525 1949 692 2040 demissa,
715 1949 764 2023 ad
789 1961 926 2024 terram
942 1974 1067 2023 rursus
1083 1950 1144 2023 de·

107 2063 299 2152 scendunt,
330 2062 439 2159 idque
477 2063 671 2159 (quantum
704 2064 853 2157 scimus)
890 2087 956 2136 sua
985 2062 1144 2159 sponte?

109 2174 280 2264 Credere,
308 2199 393 2248 cum
418 2176 644 2274 philosophis
674 2176 845 2272 antiquis
875 2177 974 2273 quod
1008 2189 1146 2250 terram

107 2300 234 2360 ament
250 2288 307 2361 vel
325 2299 512 2386 appetant,
530 2312 605 2362 non
621 2313 792 2387 possum:
820 2313 937 2386 neque
961 2290 1061 2385 quod
1080 2314 1147 2387 per

109 2403 377 2475 contumaciam
394 2403 565 2499 aliquam,
584 2402 790 2477 desinentes
803 2403 988 2500 progredi,
1000 2426 1148 2475 manere

109 2526 233 2586 tamen
250 2514 390 2599 noliut;
416 2539 501 2588 cum
518 2528 598 2590 tota
615 2516 723 2590 tellus
736 2516 906 2589 fluctuari
923 2516 961 2588 in
971 2539 1062 2601 aere
1072 2525 1147 2588 nou

110 2625 341 2722 dedignetur.
367 2628 616 2703 Veruntamen
633 2629 670 2702 in
688 2653 773 2702 aere
789 2628 881 2700 nihil
899 2651 1017 2723 neque
1027 2627 1147 2716 video,

109 2762 229 2834 neque
247 2740 439 2836 imaginari
451 2765 610 2837 possum,
624 2741 722 2838 quod
738 2740 800 2814 illa
817 2739 976 2836 dejiciat.

160 2852 209 2924 B.
237 2853 393 2927 Causam
409 2855 599 2950 gravitatis
616 2856 653 2928 iu
667 2855 833 2952 appetitu
844 2854 1036 2943 collocare,
1050 2853 1148 2926 insa-

110 2988 200 3037 num
236 2978 303 3037 est.
361 2967 539 3040 Homines
568 2967 679 3054 euim,
707 2968 803 3040 sicut
832 2976 967 3041 caetera
995 2989 1149 3062 corpora

110 3078 249 3173 gravia,
267 3079 313 3151 ab
331 3079 405 3152 alto
424 3081 628 3154 necessario
647 3081 716 3154 uisi
734 3081 983 3154 sustineantur
993 3080 1147 3153 cadunt:

111 3202 151 3263 et
169 3215 255 3264 casu
276 3191 390 3287 (quod
406 3204 530 3267 tamen
555 3194 703 3268 minime
730 3195 924 3291 appetunt)
955 3192 1149 3290 aliquando

111 3319 279 3400 pereunt.
332 3305 490 3379 Necesse
519 3330 607 3403 ergo
639 3317 706 3396 est,
725 3318 766 3379 ut
791 3306 929 3402 gravia,
955 3319 1149 3403 postquam

113 3429 234 3490 motus
252 3441 324 3513 quo
349 3418 591 3515 projiciuntur
608 3419 791 3492 extinctus
809 3419 867 3507 sit,
884 3429 949 3492 aut
966 3430 1149 3508 maneant,

113 3541 179 3603 aut
196 3530 242 3602 ab
259 3553 343 3603 aere
356 3543 455 3604 moto
473 3530 521 3604 ad
537 3542 674 3604 terram
691 3531 907 3605 referantur.
959 3531 1056 3604 Nam
1069 3556 1150 3604 cor-

112 3666 182 3738 pus
206 3666 314 3715 omne
338 3641 437 3738 quod
463 3643 627 3739 quiescit,
647 3645 734 3717 novi
760 3656 881 3717 motus
908 3644 1051 3718 initium
1081 3644 1150 3718 sibi

112 3754 183 3850 ipsi
201 3755 288 3827 dare
307 3778 380 3827 nou
408 3767 541 3851 potest.
594 3756 819 3829 Probabilius
846 3780 935 3853 ergo
963 3756 1054 3829 nihil
1081 3767 1149 3839 est,

114 3891 225 3963 quam
243 3867 342 3963 quod
361 3882 481 3940 motus
502 3868 633 3964 aliquis
658 3869 728 3965 ipsi
755 3868 878 3941 telluri
905 3869 1004 3956 insit,
1025 3868 1151 3965 (quem

113 3979 291 4068 homiues
310 3993 504 4077 propterea
521 3981 620 4078 quod
638 3992 746 4054 terrae
763 3981 947 4067 insistunt,
966 3981 1151 4077 percipere

113 4117 189 4165 nou
209 4098 391 4189 possunt),
411 4117 483 4189 quo
502 4119 624 4168 aerem
639 4094 782 4168 facilius
799 4119 822 4167 a
839 4119 877 4168 se
900 4094 1020 4191 rejicit
1042 4116 1152 4188 quam

114 4218 250 4278 caetera
278 4231 445 4302 corpora.
498 4208 583 4281 Hoc
606 4208 705 4280 enim
735 4208 937 4303 supposit0,
960 4217 998 4279 et
1022 4216 1151 4302 praete·

114 4343 178 4392 rea
194 4319 291 4415 quod
310 4320 410 4394 locus
428 4345 581 4417 corpore
594 4344 729 4394 vacuus
743 4320 863 4393 nullus
878 4320 936 4409 sit,
954 4319 1152 4392 necessitas

216 4455 384 4507 vou.1v.
1024 4455 1053 4506 x
