<?xml version="1.0" encoding="UTF-8"?>
<!DOCTYPE html PUBLIC "-//W3C//DTD XHTML 1.0 Transitional//EN"
    "http://www.w3.org/TR/xhtml1/DTD/xhtml1-transitional.dtd">
<html xmlns="http://www.w3.org/1999/xhtml" xml:lang="en" lang="en">
 <head>
  <title>
</title>
<meta http-equiv="Content-Type" content="text/html;charset=utf-8" />
  <meta name='ocr-system' content='tesseract 3.04.00' />
  <meta name='ocr-capabilities' content='ocr_page ocr_carea ocr_par ocr_line ocrx_word'/>
</head>
<body>
  <div class='ocr_page' id='page_1' title='image "./operaphilosophi01molegoog_0029.png"; bbox 0 0 2888 4988; ppageno 0'>
   <div class='ocr_carea' id='block_1_1' title="bbox 279 399 1096 465">
    <p class='ocr_par' dir='ltr' id='par_1_1' title="bbox 279 399 1096 465">
     <span class='ocr_line' id='line_1_1' title="bbox 279 399 1096 465; baseline -0.002 0"><span class='ocrx_word' id='word_1_1' title='bbox 279 399 321 465; x_wconf 84' lang='grc'><strong>16</strong></span> <span class='ocrx_word' id='word_1_2' title='bbox 487 411 756 463; x_wconf 74' lang='lat' dir='ltr'><strong>nxnutnnnto</strong></span> <span class='ocrx_word' id='word_1_3' title='bbox 779 413 828 464; x_wconf 81' lang='lat' dir='ltr'><strong>nn</strong></span> <span class='ocrx_word' id='word_1_4' title='bbox 847 411 1096 463; x_wconf 74' lang='lat' dir='ltr'><strong>nunnonmo</strong></span> 
     </span>
    </p>
   </div>
   <div class='ocr_carea' id='block_1_2' title="bbox 82 560 1317 677">
    <p class='ocr_par' dir='ltr' id='par_1_2' title="bbox 82 560 1317 677">
     <span class='ocr_line' id='line_1_2' title="bbox 82 560 1317 677; baseline 0.006 -29"><span class='ocrx_word' id='word_1_5' title='bbox 82 607 233 649; x_wconf 77' lang='lat' dir='ltr'><strong>numam</strong></span> <span class='ocrx_word' id='word_1_6' title='bbox 323 579 370 655; x_wconf 92' lang='lat' dir='ltr'><strong>B.</strong></span> <span class='ocrx_word' id='word_1_7' title='bbox 398 560 577 677; x_wconf 89' lang='lat' dir='ltr'><strong>Intelligit</strong></span> <span class='ocrx_word' id='word_1_8' title='bbox 590 580 835 677; x_wconf 78' lang='lat' dir='ltr'><strong>quantitatem</strong></span> <span class='ocrx_word' id='word_1_9' title='bbox 845 579 1039 676; x_wconf 77' lang='lat' dir='ltr'><em>peculiari</em></span> <span class='ocrx_word' id='word_1_10' title='bbox 1057 579 1172 669; x_wconf 85' lang='lat' dir='ltr'><strong>moda,</strong></span> <span class='ocrx_word' id='word_1_11' title='bbox 1190 581 1228 654; x_wconf 91' lang='lat' dir='ltr'><strong>id</strong></span> <span class='ocrx_word' id='word_1_12' title='bbox 1246 595 1317 671; x_wconf 86' lang='lat' dir='ltr'><strong>est,</strong></span> 
     </span>
    </p>
   </div>
   <div class='ocr_carea' id='block_1_3' title="bbox 90 688 231 791">
    <p class='ocr_par' dir='ltr' id='par_1_3' title="bbox 90 688 231 791">
     <span class='ocr_line' id='line_1_3' title="bbox 90 688 231 791; baseline 0 0"><span class='ocrx_word' id='word_1_13' title='bbox 90 688 231 791; x_wconf 57' lang='lat' dir='ltr'><strong>-L</strong></span> 
     </span>
    </p>
   </div>
   <div class='ocr_carea' id='block_1_4' title="bbox 273 694 1317 793">
    <p class='ocr_par' dir='ltr' id='par_1_4' title="bbox 273 694 1317 793">
     <span class='ocr_line' id='line_1_4' title="bbox 273 694 1317 793; baseline 0.004 -26"><span class='ocrx_word' id='word_1_14' title='bbox 273 694 457 768; x_wconf 82' lang='lat' dir='ltr'><strong>strictiore</strong></span> <span class='ocrx_word' id='word_1_15' title='bbox 474 718 596 783; x_wconf 90' lang='lat' dir='ltr'><strong>sensu,</strong></span> <span class='ocrx_word' id='word_1_16' title='bbox 622 706 733 789; x_wconf 91' lang='lat' dir='ltr'><strong>prout</strong></span> <span class='ocrx_word' id='word_1_17' title='bbox 756 694 803 768; x_wconf 92' lang='lat' dir='ltr'><strong>ad</strong></span> <span class='ocrx_word' id='word_1_18' title='bbox 827 718 1020 767; x_wconf 91' lang='lat' dir='ltr'><strong>numerum</strong></span> <span class='ocrx_word' id='word_1_19' title='bbox 1038 708 1076 769; x_wconf 90' lang='lat' dir='ltr'><strong>et</strong></span> <span class='ocrx_word' id='word_1_20' title='bbox 1094 697 1317 793; x_wconf 86' lang='lat' dir='ltr'><strong>magnitudi-</strong></span> 
     </span>
    </p>
   </div>
   <div class='ocr_carea' id='block_1_5' title="bbox 228 806 671 903">
    <p class='ocr_par' dir='ltr' id='par_1_5' title="bbox 228 806 671 903">
     <span class='ocr_line' id='line_1_5' title="bbox 228 806 671 903; baseline -0.007 -22"><span class='ocrx_word' id='word_1_21' title='bbox 228 861 240 899; x_wconf 81' lang='lat'><strong>,</strong></span> <span class='ocrx_word' id='word_1_22' title='bbox 271 831 357 881; x_wconf 89' lang='lat' dir='ltr'><strong>nem</strong></span> <span class='ocrx_word' id='word_1_23' title='bbox 376 807 549 903; x_wconf 85' lang='lat' dir='ltr'><strong>restringi</strong></span> <span class='ocrx_word' id='word_1_24' title='bbox 566 806 671 880; x_wconf 89' lang='lat' dir='ltr'><strong>solet.</strong></span> 
     </span>
    </p>
   </div>
   <div class='ocr_carea' id='block_1_6' title="bbox 244 897 1394 4408">
    <p class='ocr_par' dir='ltr' id='par_1_6' title="bbox 244 897 1317 1357">
     <span class='ocr_line' id='line_1_6' title="bbox 244 897 1317 1016; baseline 0.001 -22"><span class='ocrx_word' id='word_1_25' title='bbox 244 897 260 937; x_wconf 74' lang='lat'><strong><em>⁴</em></strong></span> <span class='ocrx_word' id='word_1_26' title='bbox 323 919 371 994; x_wconf 82' lang='lat' dir='ltr'><strong>A.</strong></span> <span class='ocrx_word' id='word_1_27' title='bbox 398 922 449 993; x_wconf 84' lang='lat' dir='ltr'><strong>At</strong></span> <span class='ocrx_word' id='word_1_28' title='bbox 471 920 628 1016; x_wconf 82' lang='lat' dir='ltr'><strong>intelligi</strong></span> <span class='ocrx_word' id='word_1_29' title='bbox 655 921 709 993; x_wconf 89' lang='lat' dir='ltr'><strong>ita</strong></span> <span class='ocrx_word' id='word_1_30' title='bbox 734 943 808 992; x_wconf 92' lang='lat' dir='ltr'><strong>non</strong></span> <span class='ocrx_word' id='word_1_31' title='bbox 836 933 1002 1015; x_wconf 88' lang='lat' dir='ltr'><strong>possunt.</strong></span> <span class='ocrx_word' id='word_1_32' title='bbox 1055 921 1152 994; x_wconf 89' lang='lat' dir='ltr'><strong>Nam</strong></span> <span class='ocrx_word' id='word_1_33' title='bbox 1169 922 1317 995; x_wconf 83' lang='lat' dir='ltr'><strong>versari</strong></span> 
     </span>
     <span class='ocr_line' id='line_1_7' title="bbox 271 1032 1314 1131; baseline 0.002 -25"><span class='ocrx_word' id='word_1_34' title='bbox 271 1033 378 1106; x_wconf 84' lang='lat' dir='ltr'><strong>cirea</strong></span> <span class='ocrx_word' id='word_1_35' title='bbox 394 1033 649 1131; x_wconf 80' lang='lat' dir='ltr'><strong>quantitatem,</strong></span> <span class='ocrx_word' id='word_1_36' title='bbox 675 1033 752 1105; x_wconf 84' lang='lat' dir='ltr'><strong>siae</strong></span> <span class='ocrx_word' id='word_1_37' title='bbox 770 1033 979 1106; x_wconf 81' lang='lat' dir='ltr'><strong>continuam</strong></span> <span class='ocrx_word' id='word_1_38' title='bbox 999 1032 1077 1105; x_wconf 82' lang='lat' dir='ltr'><strong>siae</strong></span> <span class='ocrx_word' id='word_1_39' title='bbox 1100 1033 1314 1124; x_wconf 82' lang='lat' dir='ltr'><strong>discretam,</strong></span> 
     </span>
     <span class='ocr_line' id='line_1_8' title="bbox 272 1143 1315 1243; baseline 0.005 -26"><span class='ocrx_word' id='word_1_40' title='bbox 272 1169 356 1243; x_wconf 87' lang='lat' dir='ltr'><strong>qnae</strong></span> <span class='ocrx_word' id='word_1_41' title='bbox 373 1146 500 1219; x_wconf 89' lang='lat' dir='ltr'><strong>eadem</strong></span> <span class='ocrx_word' id='word_1_42' title='bbox 519 1159 605 1219; x_wconf 90' lang='lat' dir='ltr'><strong>sunt</strong></span> <span class='ocrx_word' id='word_1_43' title='bbox 628 1170 713 1218; x_wconf 90' lang='lat' dir='ltr'><strong>cum</strong></span> <span class='ocrx_word' id='word_1_44' title='bbox 729 1143 984 1239; x_wconf 83' lang='lat' dir='ltr'><strong>magnitudine</strong></span> <span class='ocrx_word' id='word_1_45' title='bbox 1010 1156 1048 1218; x_wconf 90' lang='lat' dir='ltr'><strong>et</strong></span> <span class='ocrx_word' id='word_1_46' title='bbox 1065 1169 1230 1237; x_wconf 91' lang='lat' dir='ltr'><strong>numero,</strong></span> <span class='ocrx_word' id='word_1_47' title='bbox 1249 1172 1315 1243; x_wconf 90' lang='lat' dir='ltr'><strong>po-</strong></span> 
     </span>
     <span class='ocr_line' id='line_1_9' title="bbox 272 1259 842 1357; baseline -0.002 -25"><span class='ocrx_word' id='word_1_48' title='bbox 272 1259 345 1333; x_wconf 88' lang='lat' dir='ltr'><strong>sita</strong></span> <span class='ocrx_word' id='word_1_49' title='bbox 361 1275 447 1333; x_wconf 90' lang='lat' dir='ltr'><strong>sunt</strong></span> <span class='ocrx_word' id='word_1_50' title='bbox 464 1261 501 1332; x_wconf 94' lang='lat' dir='ltr'><strong>in</strong></span> <span class='ocrx_word' id='word_1_51' title='bbox 520 1260 600 1357; x_wconf 91' lang='lat' dir='ltr'><strong>ipsa</strong></span> <span class='ocrx_word' id='word_1_52' title='bbox 616 1259 842 1331; x_wconf 89' lang='lat' dir='ltr'><strong>definitione.</strong></span> 
     </span>
    </p>

    <p class='ocr_par' dir='ltr' id='par_1_7' title="bbox 269 1369 1314 2348">
     <span class='ocr_line' id='line_1_10' title="bbox 322 1369 1314 1469; baseline 0.003 -27"><span class='ocrx_word' id='word_1_53' title='bbox 322 1369 370 1444; x_wconf 93' lang='lat' dir='ltr'><strong>B.</strong></span> <span class='ocrx_word' id='word_1_54' title='bbox 396 1372 561 1446; x_wconf 92' lang='lat' dir='ltr'><strong>Minime.</strong></span> <span class='ocrx_word' id='word_1_55' title='bbox 613 1372 710 1445; x_wconf 91' lang='lat' dir='ltr'><strong>Nam</strong></span> <span class='ocrx_word' id='word_1_56' title='bbox 727 1371 765 1444; x_wconf 94' lang='lat' dir='ltr'><strong>in</strong></span> <span class='ocrx_word' id='word_1_57' title='bbox 783 1370 1008 1460; x_wconf 90' lang='lat' dir='ltr'><strong>definitione,</strong></span> <span class='ocrx_word' id='word_1_58' title='bbox 1036 1394 1101 1468; x_wconf 93' lang='lat' dir='ltr'><strong>per</strong></span> <span class='ocrx_word' id='word_1_59' title='bbox 1122 1371 1314 1469; x_wconf 82' lang='lat' dir='ltr'><strong>quantita-</strong></span> 
     </span>
     <span class='ocr_line' id='line_1_11' title="bbox 272 1483 1314 1580; baseline -0.002 -22"><span class='ocrx_word' id='word_1_60' title='bbox 272 1494 343 1558; x_wconf 87' lang='lat' dir='ltr'><strong>tem</strong></span> <span class='ocrx_word' id='word_1_61' title='bbox 360 1485 565 1558; x_wconf 82' lang='lat' dir='ltr'><strong>continuam</strong></span> <span class='ocrx_word' id='word_1_62' title='bbox 591 1484 763 1580; x_wconf 90' lang='lat' dir='ltr'><strong>intelligit</strong></span> <span class='ocrx_word' id='word_1_63' title='bbox 786 1483 901 1556; x_wconf 92' lang='lat' dir='ltr'><strong>solam</strong></span> <span class='ocrx_word' id='word_1_64' title='bbox 925 1485 1167 1579; x_wconf 79' lang='lat' dir='ltr'><strong>quantitatem</strong></span> <span class='ocrx_word' id='word_1_65' title='bbox 1185 1508 1314 1580; x_wconf 88' lang='lat' dir='ltr'><strong>corpo·</strong></span> 
     </span>
     <span class='ocr_line' id='line_1_12' title="bbox 270 1596 1314 1693; baseline 0.001 -23"><span class='ocrx_word' id='word_1_66' title='bbox 270 1621 364 1686; x_wconf 92' lang='lat' dir='ltr'><strong>rum,</strong></span> <span class='ocrx_word' id='word_1_67' title='bbox 376 1622 509 1693; x_wconf 89' lang='lat' dir='ltr'><strong>nempe</strong></span> <span class='ocrx_word' id='word_1_68' title='bbox 521 1596 668 1685; x_wconf 89' lang='lat' dir='ltr'><strong>lineam,</strong></span> <span class='ocrx_word' id='word_1_69' title='bbox 680 1597 924 1692; x_wconf 86' lang='lat' dir='ltr'><strong>superficiem,</strong></span> <span class='ocrx_word' id='word_1_70' title='bbox 935 1609 973 1669; x_wconf 91' lang='lat' dir='ltr'><strong>et</strong></span> <span class='ocrx_word' id='word_1_71' title='bbox 984 1597 1153 1687; x_wconf 89' lang='lat' dir='ltr'><strong>solidum,</strong></span> <span class='ocrx_word' id='word_1_72' title='bbox 1165 1597 1314 1671; x_wconf 87' lang='lat' dir='ltr'><strong>exclusa</strong></span> 
     </span>
     <span class='ocr_line' id='line_1_13' title="bbox 270 1708 1314 1806; baseline 0 -24"><span class='ocrx_word' id='word_1_73' title='bbox 270 1712 478 1806; x_wconf 88' lang='lat' dir='ltr'><strong>quantitate</strong></span> <span class='ocrx_word' id='word_1_74' title='bbox 496 1709 685 1806; x_wconf 91' lang='lat' dir='ltr'><strong>temporis,</strong></span> <span class='ocrx_word' id='word_1_75' title='bbox 708 1708 792 1797; x_wconf 90' lang='lat' dir='ltr'><strong>loci,</strong></span> <span class='ocrx_word' id='word_1_76' title='bbox 812 1719 946 1798; x_wconf 91' lang='lat' dir='ltr'><strong>motus,</strong></span> <span class='ocrx_word' id='word_1_77' title='bbox 969 1723 1008 1783; x_wconf 91' lang='lat' dir='ltr'><strong>et</strong></span> <span class='ocrx_word' id='word_1_78' title='bbox 1025 1709 1218 1806; x_wconf 90' lang='lat' dir='ltr'><strong>ponderis:</strong></span> <span class='ocrx_word' id='word_1_79' title='bbox 1245 1733 1314 1806; x_wconf 89' lang='lat' dir='ltr'><strong>per</strong></span> 
     </span>
     <span class='ocr_line' id='line_1_14' title="bbox 269 1822 1312 1920; baseline -0.002 -22"><span class='ocrx_word' id='word_1_80' title='bbox 269 1824 513 1920; x_wconf 83' lang='lat' dir='ltr'><strong>quantitatem</strong></span> <span class='ocrx_word' id='word_1_81' title='bbox 546 1836 670 1896; x_wconf 91' lang='lat' dir='ltr'><strong>autem</strong></span> <span class='ocrx_word' id='word_1_82' title='bbox 702 1822 916 1906; x_wconf 78' lang='lat' dir='ltr'><strong>discretam,</strong></span> <span class='ocrx_word' id='word_1_83' title='bbox 951 1822 1099 1894; x_wconf 85' lang='lat' dir='ltr'><strong>exclusa</strong></span> <span class='ocrx_word' id='word_1_84' title='bbox 1133 1822 1312 1911; x_wconf 87' lang='lat' dir='ltr'><strong>oratione,</strong></span> 
     </span>
     <span class='ocr_line' id='line_1_15' title="bbox 269 1934 1313 2032; baseline -0.003 -21"><span class='ocrx_word' id='word_1_85' title='bbox 269 1937 388 2011; x_wconf 90' lang='lat' dir='ltr'><strong>solum</strong></span> <span class='ocrx_word' id='word_1_86' title='bbox 418 1960 634 2020; x_wconf 90' lang='lat' dir='ltr'><strong>numerum;</strong></span> <span class='ocrx_word' id='word_1_87' title='bbox 663 1946 861 2032; x_wconf 89' lang='lat' dir='ltr'><strong>propterea</strong></span> <span class='ocrx_word' id='word_1_88' title='bbox 885 1934 985 2031; x_wconf 91' lang='lat' dir='ltr'><strong>quod</strong></span> <span class='ocrx_word' id='word_1_89' title='bbox 1012 1949 1169 2031; x_wconf 89' lang='lat' dir='ltr'><strong>tempus,</strong></span> <span class='ocrx_word' id='word_1_90' title='bbox 1197 1934 1313 2020; x_wconf 88' lang='lat' dir='ltr'><strong>locus,</strong></span> 
     </span>
     <span class='ocr_line' id='line_1_16' title="bbox 270 2047 1313 2147; baseline -0.004 -24"><span class='ocrx_word' id='word_1_91' title='bbox 270 2062 403 2140; x_wconf 90' lang='lat' dir='ltr'><strong>motus,</strong></span> <span class='ocrx_word' id='word_1_92' title='bbox 421 2050 577 2147; x_wconf 92' lang='lat' dir='ltr'><strong>pondus,</strong></span> <span class='ocrx_word' id='word_1_93' title='bbox 595 2050 658 2122; x_wconf 79' lang='lat' dir='ltr'><strong>aia</strong></span> <span class='ocrx_word' id='word_1_94' title='bbox 674 2048 797 2138; x_wconf 82' lang='lat' dir='ltr'><strong>allam,</strong></span> <span class='ocrx_word' id='word_1_95' title='bbox 816 2049 948 2143; x_wconf 88' lang='lat' dir='ltr'><strong>inquit,</strong></span> <span class='ocrx_word' id='word_1_96' title='bbox 969 2047 1124 2120; x_wconf 79' lang='lat' dir='ltr'><strong>audeant</strong></span> <span class='ocrx_word' id='word_1_97' title='bbox 1140 2047 1271 2145; x_wconf 82' lang='lat' dir='ltr'><strong>epeaat</strong></span> <span class='ocrx_word' id='word_1_98' title='bbox 1295 2095 1313 2107; x_wconf 93' lang='lat'>-</span> 
     </span>
     <span class='ocr_line' id='line_1_17' title="bbox 271 2160 1314 2261; baseline -0.002 -25"><span class='ocrx_word' id='word_1_99' title='bbox 271 2162 405 2236; x_wconf 84' lang='lat' dir='ltr'><strong>tionem</strong></span> <span class='ocrx_word' id='word_1_100' title='bbox 425 2162 732 2251; x_wconf 76' lang='lat' dir='ltr'><strong>mathematicam,</strong></span> <span class='ocrx_word' id='word_1_101' title='bbox 759 2161 834 2234; x_wconf 82' lang='lat' dir='ltr'><strong>aiei</strong></span> <span class='ocrx_word' id='word_1_102' title='bbox 859 2160 915 2233; x_wconf 81' lang='lat' dir='ltr'><strong>ad</strong></span> <span class='ocrx_word' id='word_1_103' title='bbox 937 2161 1080 2233; x_wconf 84' lang='lat' dir='ltr'><strong>modam</strong></span> <span class='ocrx_word' id='word_1_104' title='bbox 1104 2161 1164 2234; x_wconf 83' lang='lat' dir='ltr'><strong>ael</strong></span> <span class='ocrx_word' id='word_1_105' title='bbox 1184 2161 1314 2261; x_wconf 77' lang='lat' dir='ltr'><strong>magni</strong></span> 
     </span>
     <span class='ocr_line' id='line_1_18' title="bbox 270 2274 759 2348; baseline 0 -2"><span class='ocrx_word' id='word_1_106' title='bbox 270 2274 330 2348; x_wconf 83' lang='lat' dir='ltr'><strong>aet</strong></span> <span class='ocrx_word' id='word_1_107' title='bbox 344 2275 450 2348; x_wconf 86' lang='lat' dir='ltr'><strong>malti</strong></span> <span class='ocrx_word' id='word_1_108' title='bbox 466 2275 759 2348; x_wconf 78' lang='lat' dir='ltr'><strong>considerantur.</strong></span> 
     </span>
    </p>

    <p class='ocr_par' dir='ltr' id='par_1_8' title="bbox 270 2385 1314 3048">
     <span class='ocr_line' id='line_1_19' title="bbox 319 2385 1311 2484; baseline 0.003 -26"><span class='ocrx_word' id='word_1_109' title='bbox 319 2385 366 2462; x_wconf 82' lang='lat' dir='ltr'><strong>A.</strong></span> <span class='ocrx_word' id='word_1_110' title='bbox 392 2388 546 2461; x_wconf 90' lang='lat' dir='ltr'><strong>Videtur</strong></span> <span class='ocrx_word' id='word_1_111' title='bbox 563 2411 650 2461; x_wconf 89' lang='lat' dir='ltr'><strong>sane</strong></span> <span class='ocrx_word' id='word_1_112' title='bbox 674 2411 748 2460; x_wconf 94' lang='lat' dir='ltr'><strong>non</strong></span> <span class='ocrx_word' id='word_1_113' title='bbox 772 2388 864 2460; x_wconf 89' lang='lat' dir='ltr'><strong>bene</strong></span> <span class='ocrx_word' id='word_1_114' title='bbox 888 2388 1093 2484; x_wconf 90' lang='lat' dir='ltr'><strong>intelligere</strong></span> <span class='ocrx_word' id='word_1_115' title='bbox 1111 2388 1311 2478; x_wconf 88' lang='lat' dir='ltr'><strong>Wallisius,</strong></span> 
     </span>
     <span class='ocr_line' id='line_1_20' title="bbox 271 2500 1312 2597; baseline 0.002 -24"><span class='ocrx_word' id='word_1_116' title='bbox 271 2500 359 2596; x_wconf 91' lang='lat' dir='ltr'><strong>quid</strong></span> <span class='ocrx_word' id='word_1_117' title='bbox 372 2501 419 2574; x_wconf 90' lang='lat' dir='ltr'><strong>sit</strong></span> <span class='ocrx_word' id='word_1_118' title='bbox 431 2502 510 2597; x_wconf 91' lang='lat' dir='ltr'><strong>ipsa</strong></span> <span class='ocrx_word' id='word_1_119' title='bbox 523 2500 722 2597; x_wconf 86' lang='lat' dir='ltr'><strong>quantitas.</strong></span> <span class='ocrx_word' id='word_1_120' title='bbox 774 2501 904 2595; x_wconf 86' lang='lat' dir='ltr'><strong>Neque</strong></span> <span class='ocrx_word' id='word_1_121' title='bbox 922 2500 959 2572; x_wconf 94' lang='lat' dir='ltr'><strong>id</strong></span> <span class='ocrx_word' id='word_1_122' title='bbox 975 2502 1107 2574; x_wconf 91' lang='lat' dir='ltr'><strong>mirum</strong></span> <span class='ocrx_word' id='word_1_123' title='bbox 1125 2514 1202 2585; x_wconf 89' lang='lat' dir='ltr'><strong>est;</strong></span> <span class='ocrx_word' id='word_1_124' title='bbox 1226 2526 1312 2575; x_wconf 87' lang='lat' dir='ltr'><strong>aum</strong></span> 
     </span>
     <span class='ocr_line' id='line_1_21' title="bbox 270 2612 1312 2710; baseline 0.001 -23"><span class='ocrx_word' id='word_1_125' title='bbox 270 2639 378 2687; x_wconf 92' lang='lat' dir='ltr'><strong>nemo</strong></span> <span class='ocrx_word' id='word_1_126' title='bbox 392 2629 664 2710; x_wconf 83' lang='lat' dir='ltr'><strong>geometrarum</strong></span> <span class='ocrx_word' id='word_1_127' title='bbox 676 2612 833 2702; x_wconf 91' lang='lat' dir='ltr'><strong>illorum,</strong></span> <span class='ocrx_word' id='word_1_128' title='bbox 848 2612 912 2708; x_wconf 91' lang='lat' dir='ltr'><strong>qui</strong></span> <span class='ocrx_word' id='word_1_129' title='bbox 923 2627 1008 2686; x_wconf 90' lang='lat' dir='ltr'><strong>ante</strong></span> <span class='ocrx_word' id='word_1_130' title='bbox 1019 2614 1139 2709; x_wconf 90' lang='lat' dir='ltr'><strong>ipsum</strong></span> <span class='ocrx_word' id='word_1_131' title='bbox 1148 2615 1312 2705; x_wconf 88' lang='lat' dir='ltr'><strong>fuerunt,</strong></span> 
     </span>
     <span class='ocr_line' id='line_1_22' title="bbox 270 2725 1312 2823; baseline 0.001 -23"><span class='ocrx_word' id='word_1_132' title='bbox 270 2727 465 2801; x_wconf 89' lang='lat' dir='ltr'><strong>tradiderit</strong></span> <span class='ocrx_word' id='word_1_133' title='bbox 478 2726 697 2823; x_wconf 89' lang='lat' dir='ltr'><strong>quantitatis</strong></span> <span class='ocrx_word' id='word_1_134' title='bbox 710 2725 986 2810; x_wconf 66' lang='lat' dir='ltr'><strong>definitionem</strong></span> <span class='ocrx_word' id='word_1_135' title='bbox 1013 2727 1091 2822; x_wconf 92' lang='lat' dir='ltr'><strong>ipse</strong></span> <span class='ocrx_word' id='word_1_136' title='bbox 1108 2739 1231 2801; x_wconf 89' lang='lat' dir='ltr'><strong>autem</strong></span> <span class='ocrx_word' id='word_1_137' title='bbox 1249 2752 1312 2800; x_wconf 83' lang='lat' dir='ltr'><strong>ex-</strong></span> 
     </span>
     <span class='ocr_line' id='line_1_23' title="bbox 272 2838 1314 2928; baseline 0.003 -16"><span class='ocrx_word' id='word_1_138' title='bbox 272 2840 494 2914; x_wconf 88' lang='lat' dir='ltr'><strong>aminatione</strong></span> <span class='ocrx_word' id='word_1_139' title='bbox 508 2840 620 2928; x_wconf 91' lang='lat' dir='ltr'><strong>nulla,</strong></span> <span class='ocrx_word' id='word_1_140' title='bbox 639 2838 704 2912; x_wconf 91' lang='lat' dir='ltr'><strong>sed</strong></span> <span class='ocrx_word' id='word_1_141' title='bbox 718 2851 863 2912; x_wconf 88' lang='lat' dir='ltr'><strong>tantum</strong></span> <span class='ocrx_word' id='word_1_142' title='bbox 876 2838 1048 2928; x_wconf 89' lang='lat' dir='ltr'><strong>lectione,</strong></span> <span class='ocrx_word' id='word_1_143' title='bbox 1067 2863 1170 2912; x_wconf 91' lang='lat' dir='ltr'><strong>suam</strong></span> <span class='ocrx_word' id='word_1_144' title='bbox 1182 2841 1314 2915; x_wconf 88' lang='lat' dir='ltr'><strong>fecerit</strong></span> 
     </span>
     <span class='ocr_line' id='line_1_24' title="bbox 271 2951 696 3048; baseline -0.002 -24"><span class='ocrx_word' id='word_1_145' title='bbox 271 2952 511 3048; x_wconf 84' lang='lat' dir='ltr'><strong>geometriam</strong></span> <span class='ocrx_word' id='word_1_146' title='bbox 528 2951 696 3024; x_wconf 87' lang='lat' dir='ltr'><strong>alienam.</strong></span> 
     </span>
    </p>

    <p class='ocr_par' dir='ltr' id='par_1_9' title="bbox 322 3064 1236 3161">
     <span class='ocr_line' id='line_1_25' title="bbox 322 3064 1236 3161; baseline 0.001 -23"><span class='ocrx_word' id='word_1_147' title='bbox 322 3065 371 3139; x_wconf 93' lang='lat' dir='ltr'><strong>B.</strong></span> <span class='ocrx_word' id='word_1_148' title='bbox 399 3064 596 3140; x_wconf 76' lang='lat' dir='ltr'><strong>Quomodo</strong></span> <span class='ocrx_word' id='word_1_149' title='bbox 615 3077 739 3138; x_wconf 90' lang='lat' dir='ltr'><strong>autem</strong></span> <span class='ocrx_word' id='word_1_150' title='bbox 757 3065 1001 3161; x_wconf 90' lang='lat' dir='ltr'><strong>quantitatem</strong></span> <span class='ocrx_word' id='word_1_151' title='bbox 1019 3065 1149 3140; x_wconf 89' lang='lat' dir='ltr'><strong>definis</strong></span> <span class='ocrx_word' id='word_1_152' title='bbox 1167 3067 1236 3139; x_wconf 84' lang='lat' dir='ltr'><strong>tu?</strong></span> 
     </span>
    </p>

    <p class='ocr_par' dir='ltr' id='par_1_10' title="bbox 269 3177 1394 4408">
     <span class='ocr_line' id='line_1_26' title="bbox 321 3177 1314 3278; baseline 0.004 -29"><span class='ocrx_word' id='word_1_153' title='bbox 321 3177 368 3251; x_wconf 87' lang='lat' dir='ltr'><strong>A.</strong></span> <span class='ocrx_word' id='word_1_154' title='bbox 398 3177 596 3263; x_wconf 80' lang='lat' dir='ltr'><strong>Quantitas</strong></span> <span class='ocrx_word' id='word_1_155' title='bbox 606 3189 674 3268; x_wconf 84' lang='lat' dir='ltr'><strong>eet,</strong></span> <span class='ocrx_word' id='word_1_156' title='bbox 685 3204 763 3278; x_wconf 82' lang='lat' dir='ltr'><strong>per</strong></span> <span class='ocrx_word' id='word_1_157' title='bbox 776 3204 884 3277; x_wconf 88' lang='lat' dir='ltr'><strong>qaam</strong></span> <span class='ocrx_word' id='word_1_158' title='bbox 898 3179 1073 3276; x_wconf 75' lang='lat' dir='ltr'><strong>querenti</strong></span> <span class='ocrx_word' id='word_1_159' title='bbox 1089 3180 1135 3253; x_wconf 84' lang='lat' dir='ltr'><strong>de</strong></span> <span class='ocrx_word' id='word_1_160' title='bbox 1147 3179 1314 3277; x_wconf 81' lang='lat' dir='ltr'><strong>qualibet</strong></span> 
     </span>
     <span class='ocr_line' id='line_1_27' title="bbox 272 3290 1394 3389; baseline 0.003 -26"><span class='ocrx_word' id='word_1_161' title='bbox 272 3315 326 3380; x_wconf 78' lang='lat' dir='ltr'><strong>re,</strong></span> <span class='ocrx_word' id='word_1_162' title='bbox 344 3301 484 3389; x_wconf 85' lang='lat' dir='ltr'><strong>quanta</strong></span> <span class='ocrx_word' id='word_1_163' title='bbox 500 3290 564 3380; x_wconf 83' lang='lat' dir='ltr'><strong>sit,</strong></span> <span class='ocrx_word' id='word_1_164' title='bbox 583 3301 673 3389; x_wconf 89' lang='lat' dir='ltr'><strong>apte</strong></span> <span class='ocrx_word' id='word_1_165' title='bbox 690 3291 959 3388; x_wconf 61' lang='lat' dir='ltr'><strong>respondeam</strong></span> <span class='ocrx_word' id='word_1_166' title='bbox 984 3293 1072 3382; x_wconf 84' lang='lat' dir='ltr'><strong>siae,</strong></span> <span class='ocrx_word' id='word_1_167' title='bbox 1098 3292 1198 3388; x_wconf 91' lang='lat' dir='ltr'><strong>quod</strong></span> <span class='ocrx_word' id='word_1_168' title='bbox 1213 3293 1313 3366; x_wconf 91' lang='lat' dir='ltr'><strong>idem</strong></span> <span class='ocrx_word' id='word_1_169' title='bbox 1390 3296 1394 3301; x_wconf 76' lang='grc'><em>’</em></span> 
     </span>
     <span class='ocr_line' id='line_1_28' title="bbox 272 3403 1315 3502; baseline 0.002 -25"><span class='ocrx_word' id='word_1_170' title='bbox 272 3416 340 3492; x_wconf 91' lang='lat' dir='ltr'><strong>est,</strong></span> <span class='ocrx_word' id='word_1_171' title='bbox 362 3427 571 3502; x_wconf 80' lang='lat' dir='ltr'><strong>perquam</strong></span> <span class='ocrx_word' id='word_1_172' title='bbox 593 3403 786 3500; x_wconf 78' lang='lat' dir='ltr'><strong>atjaslibet</strong></span> <span class='ocrx_word' id='word_1_173' title='bbox 812 3405 871 3477; x_wconf 83' lang='lat' dir='ltr'><strong>rei</strong></span> <span class='ocrx_word' id='word_1_174' title='bbox 896 3405 1112 3502; x_wconf 80' lang='lat' dir='ltr'><strong>magnitudo</strong></span> <span class='ocrx_word' id='word_1_175' title='bbox 1144 3406 1315 3479; x_wconf 88' lang='lat' dir='ltr'><strong>determi-</strong></span> 
     </span>
     <span class='ocr_line' id='line_1_29' title="bbox 272 3518 1313 3616; baseline 0.005 -28"><span class='ocrx_word' id='word_1_176' title='bbox 272 3527 396 3589; x_wconf 79' lang='lat' dir='ltr'><strong>natur.</strong></span> <span class='ocrx_word' id='word_1_177' title='bbox 448 3518 559 3590; x_wconf 89' lang='lat' dir='ltr'><strong>Verbi</strong></span> <span class='ocrx_word' id='word_1_178' title='bbox 573 3542 703 3591; x_wconf 87' lang='lat' dir='ltr'><strong>causa:</strong></span> <span class='ocrx_word' id='word_1_179' title='bbox 730 3518 960 3615; x_wconf 88' lang='lat' dir='ltr'><strong>longitudine</strong></span> <span class='ocrx_word' id='word_1_180' title='bbox 974 3520 1172 3615; x_wconf 89' lang='lat' dir='ltr'><strong>proposita,</strong></span> <span class='ocrx_word' id='word_1_181' title='bbox 1187 3543 1313 3616; x_wconf 86' lang='lat' dir='ltr'><strong>quaero</strong></span> 
     </span>
     <span class='ocr_line' id='line_1_30' title="bbox 273 3630 1314 3730; baseline 0.003 -29"><span class='ocrx_word' id='word_1_182' title='bbox 273 3643 412 3725; x_wconf 91' lang='lat' dir='ltr'><strong>quanta</strong></span> <span class='ocrx_word' id='word_1_183' title='bbox 428 3654 473 3703; x_wconf 90' lang='lat' dir='ltr'><strong>ea</strong></span> <span class='ocrx_word' id='word_1_184' title='bbox 489 3631 549 3702; x_wconf 86' lang='lat' dir='ltr'><strong>sit.</strong></span> <span class='ocrx_word' id='word_1_185' title='bbox 600 3632 658 3704; x_wconf 86' lang='lat' dir='ltr'><strong>An</strong></span> <span class='ocrx_word' id='word_1_186' title='bbox 677 3630 888 3727; x_wconf 90' lang='lat' dir='ltr'><strong>responderi</strong></span> <span class='ocrx_word' id='word_1_187' title='bbox 907 3645 992 3727; x_wconf 85' lang='lat' dir='ltr'><strong>apte</strong></span> <span class='ocrx_word' id='word_1_188' title='bbox 1010 3645 1130 3728; x_wconf 90' lang='lat' dir='ltr'><strong>putas,</strong></span> <span class='ocrx_word' id='word_1_189' title='bbox 1148 3631 1314 3730; x_wconf 67' lang='lat' dir='ltr'><strong>magitu-</strong></span> 
     </span>
     <span class='ocr_line' id='line_1_31' title="bbox 273 3743 1315 3841; baseline 0.003 -25"><span class='ocrx_word' id='word_1_190' title='bbox 273 3743 394 3816; x_wconf 83' lang='lat' dir='ltr'><strong>diaem</strong></span> <span class='ocrx_word' id='word_1_191' title='bbox 410 3747 526 3816; x_wconf 76' lang='lat' dir='ltr'><strong>ease?</strong></span> <span class='ocrx_word' id='word_1_192' title='bbox 576 3744 635 3815; x_wconf 86' lang='lat' dir='ltr'><strong>An</strong></span> <span class='ocrx_word' id='word_1_193' title='bbox 652 3745 774 3839; x_wconf 89' lang='lat' dir='ltr'><strong>potius</strong></span> <span class='ocrx_word' id='word_1_194' title='bbox 788 3743 887 3838; x_wconf 91' lang='lat' dir='ltr'><strong>quod</strong></span> <span class='ocrx_word' id='word_1_195' title='bbox 901 3744 949 3817; x_wconf 90' lang='lat' dir='ltr'><strong>sit</strong></span> <span class='ocrx_word' id='word_1_196' title='bbox 965 3757 1081 3833; x_wconf 91' lang='lat' dir='ltr'><strong>tanta,</strong></span> <span class='ocrx_word' id='word_1_197' title='bbox 1100 3758 1239 3841; x_wconf 92' lang='lat' dir='ltr'><strong>quanta</strong></span> <span class='ocrx_word' id='word_1_198' title='bbox 1256 3758 1315 3819; x_wconf 90' lang='lat' dir='ltr'><strong>est</strong></span> 
     </span>
     <span class='ocr_line' id='line_1_32' title="bbox 271 3855 1314 3954; baseline 0.004 -25"><span class='ocrx_word' id='word_1_199' title='bbox 271 3855 373 3945; x_wconf 84' lang='lat' dir='ltr'><strong>ulna,</strong></span> <span class='ocrx_word' id='word_1_200' title='bbox 391 3856 449 3929; x_wconf 90' lang='lat' dir='ltr'><strong>vel</strong></span> <span class='ocrx_word' id='word_1_201' title='bbox 467 3868 606 3953; x_wconf 90' lang='lat' dir='ltr'><strong>quanta</strong></span> <span class='ocrx_word' id='word_1_202' title='bbox 631 3868 687 3930; x_wconf 90' lang='lat' dir='ltr'><strong>est</strong></span> <span class='ocrx_word' id='word_1_203' title='bbox 702 3856 826 3954; x_wconf 90' lang='lat' dir='ltr'><strong>aliqua</strong></span> <span class='ocrx_word' id='word_1_204' title='bbox 851 3857 923 3930; x_wconf 88' lang='lat' dir='ltr'><strong>alia</strong></span> <span class='ocrx_word' id='word_1_205' title='bbox 945 3881 1117 3931; x_wconf 89' lang='lat' dir='ltr'><strong>mensura</strong></span> <span class='ocrx_word' id='word_1_206' title='bbox 1134 3859 1190 3931; x_wconf 90' lang='lat' dir='ltr'><strong>vel</strong></span> <span class='ocrx_word' id='word_1_207' title='bbox 1211 3882 1314 3933; x_wconf 90' lang='lat' dir='ltr'><strong>men-</strong></span> 
     </span>
     <span class='ocr_line' id='line_1_33' title="bbox 270 3968 1312 4069; baseline 0.003 -26"><span class='ocrx_word' id='word_1_208' title='bbox 270 3993 391 4053; x_wconf 89' lang='lat' dir='ltr'><strong>surae;</strong></span> <span class='ocrx_word' id='word_1_209' title='bbox 421 3970 476 4043; x_wconf 89' lang='lat' dir='ltr'><strong>vel</strong></span> <span class='ocrx_word' id='word_1_210' title='bbox 493 3968 594 4066; x_wconf 94' lang='lat' dir='ltr'><strong>quod</strong></span> <span class='ocrx_word' id='word_1_211' title='bbox 620 3969 669 4042; x_wconf 91' lang='lat' dir='ltr'><strong>sit</strong></span> <span class='ocrx_word' id='word_1_212' title='bbox 694 3969 742 4042; x_wconf 93' lang='lat' dir='ltr'><strong>ad</strong></span> <span class='ocrx_word' id='word_1_213' title='bbox 764 3970 1033 4067; x_wconf 87' lang='lat' dir='ltr'><strong>longitudinem</strong></span> <span class='ocrx_word' id='word_1_214' title='bbox 1052 3973 1256 4069; x_wconf 83' lang='lat' dir='ltr'><strong>expositam</strong></span> <span class='ocrx_word' id='word_1_215' title='bbox 1274 3973 1312 4046; x_wconf 91' lang='lat' dir='ltr'><strong>in</strong></span> 
     </span>
     <span class='ocr_line' id='line_1_34' title="bbox 269 4080 1313 4182; baseline 0.004 -27"><span class='ocrx_word' id='word_1_216' title='bbox 269 4083 339 4156; x_wconf 88' lang='lat' dir='ltr'><strong>hac</strong></span> <span class='ocrx_word' id='word_1_217' title='bbox 356 4083 415 4157; x_wconf 92' lang='lat' dir='ltr'><strong>vel</strong></span> <span class='ocrx_word' id='word_1_218' title='bbox 432 4083 497 4157; x_wconf 90' lang='lat' dir='ltr'><strong>illa</strong></span> <span class='ocrx_word' id='word_1_219' title='bbox 513 4080 682 4155; x_wconf 81' lang='lat' dir='ltr'><strong>ratione?</strong></span> <span class='ocrx_word' id='word_1_220' title='bbox 734 4083 921 4174; x_wconf 88' lang='lat' dir='ltr'><strong>Similiter,</strong></span> <span class='ocrx_word' id='word_1_221' title='bbox 948 4085 979 4157; x_wconf 93' lang='lat' dir='ltr'><strong>si</strong></span> <span class='ocrx_word' id='word_1_222' title='bbox 1004 4086 1159 4182; x_wconf 73' lang='lat' dir='ltr'><strong>quaestio</strong></span> <span class='ocrx_word' id='word_1_223' title='bbox 1181 4087 1245 4159; x_wconf 86' lang='lat' dir='ltr'><strong>fiat</strong></span> <span class='ocrx_word' id='word_1_224' title='bbox 1266 4085 1313 4159; x_wconf 91' lang='lat' dir='ltr'><strong>de</strong></span> 
     </span>
     <span class='ocr_line' id='line_1_35' title="bbox 272 4194 1314 4295; baseline 0.006 -28"><span class='ocrx_word' id='word_1_225' title='bbox 272 4197 464 4291; x_wconf 87' lang='lat' dir='ltr'><strong>superficie</strong></span> <span class='ocrx_word' id='word_1_226' title='bbox 486 4195 544 4268; x_wconf 89' lang='lat' dir='ltr'><strong>vel</strong></span> <span class='ocrx_word' id='word_1_227' title='bbox 567 4194 697 4284; x_wconf 90' lang='lat' dir='ltr'><strong>solido,</strong></span> <span class='ocrx_word' id='word_1_228' title='bbox 724 4219 797 4269; x_wconf 94' lang='lat' dir='ltr'><strong>non</strong></span> <span class='ocrx_word' id='word_1_229' title='bbox 822 4209 908 4294; x_wconf 83' lang='lat' dir='ltr'><strong>apte</strong></span> <span class='ocrx_word' id='word_1_230' title='bbox 934 4198 1218 4295; x_wconf 89' lang='lat' dir='ltr'><strong>respondebitur</strong></span> <span class='ocrx_word' id='word_1_231' title='bbox 1242 4200 1314 4273; x_wconf 92' lang='lat' dir='ltr'><strong>nisi</strong></span> 
     </span>
     <span class='ocr_line' id='line_1_36' title="bbox 270 4308 1345 4408; baseline 0.007 -28"><span class='ocrx_word' id='word_1_232' title='bbox 270 4332 336 4403; x_wconf 89' lang='lat' dir='ltr'><strong>per</strong></span> <span class='ocrx_word' id='word_1_233' title='bbox 368 4332 578 4383; x_wconf 87' lang='lat' dir='ltr'><strong>mensnram</strong></span> <span class='ocrx_word' id='word_1_234' title='bbox 612 4308 773 4405; x_wconf 89' lang='lat' dir='ltr'><strong>aliquam</strong></span> <span class='ocrx_word' id='word_1_235' title='bbox 801 4309 860 4382; x_wconf 91' lang='lat' dir='ltr'><strong>vel</strong></span> <span class='ocrx_word' id='word_1_236' title='bbox 885 4313 1197 4408; x_wconf 86' lang='lat' dir='ltr'><strong>comparationem</strong></span> <span class='ocrx_word' id='word_1_237' title='bbox 1228 4320 1345 4387; x_wconf 86' lang='lat' dir='ltr'><strong>oum‘</strong></span> 
     </span>
    </p>
   </div>
   <div class='ocr_carea' id='block_1_7' title="bbox 0 0 1448 4988">
    <p class='ocr_par' dir='ltr' id='par_1_11' title="bbox 0 0 1448 4988">
     <span class='ocr_line' id='line_1_37' title="bbox 0 0 1448 4988; baseline 0 0"><span class='ocrx_word' id='word_1_238' title='bbox 0 0 1448 4988; x_wconf 95' lang='lat' dir='ltr'><strong> </strong></span> 
     </span>
    </p>
   </div>
  </div>
 </body>
</html>
