2888 5002
478 428 813 483 enonnnnnnnn.
1093 407 1168 474 443

524 744 629 820 ΟΑΡ.
655 744 762 818 XIX.

149 915 396 969 PROPOSITIO
417 917 581 970 DECIMA
600 917 735 969 SEXTA
755 915 976 968 ELEMENTI
990 913 1133 966 TERTII

516 1029 782 1084 EXAMINATA.

127 1163 229 1237 Qun
248 1158 297 1233 al
314 1160 553 1234 extremitate
575 1159 748 1234 diametri
778 1159 956 1256 cujusque
972 1156 1105 1231 cirmdi
1120 1155 1176 1230 od
1203 1179 1271 1223 cun.
1287 1179 1353 1221 x1x.

126 1272 284 1373 angulos
301 1282 427 1347 rectoe
444 1272 604 1365 ducitur,
620 1282 731 1346 entra
760 1272 881 1370 ipsum
908 1270 1087 1345 circulum
1109 1295 1172 1343 ca·
1183 1307 1305 1365 nmio

1209 1248 1354 1284 2—2-2

125 1387 214 1461 det:
238 1396 277 1460 et
301 1387 341 1460 in
371 1387 490 1461 locum
523 1388 623 1461 inter
647 1388 769 1486 moram
799 1394 942 1459 rectam
972 1384 1107 1458 lincam
1134 1394 1172 1457 et
1184 1373 1343 1489 {ffiffi

118 1500 381 1600 peripheriam
398 1502 709 1599 comprehensum,
724 1500 969 1574 alterarecta
987 1497 1086 1571 linea
1102 1522 1173 1571 non

126 1613 262 1686 cadet:
287 1622 324 1685 et
349 1613 577 1688 semicirculi
599 1613 746 1712 quidem
767 1612 930 1712 angulus
959 1611 1087 1710 qnooie
1109 1636 1173 1684 aa·

124 1727 217 1826 gulo
243 1737 354 1800 acuto
379 1728 575 1802 rectilineo
599 1728 721 1824 major
745 1735 826 1810 ert;
851 1726 1018 1826 reliqum
1052 1734 1175 1799 autem

126 1863 256 1913 mmor.

179 1952 226 2025 In
243 1953 384 2027 circulo
400 1954 512 2045 ABG,
542 1956 646 2053 cnjus
672 1993 687 2028 ι

129 2076 293 2141 centrum
309 2069 356 2157 D,
383 2068 567 2142 diameter
594 2069 647 2142 cit

129 2180 207 2271 AC,
225 2180 399 2278 adquam
412 2207 461 2256 ea
473 2184 519 2274 A,
532 2208 649 2281 punc·

131 2305 170 2369 to
198 2304 374 2385 extremo,
392 2297 649 2394 perpendicu-

132 2407 229 2482 larir
242 2409 417 2483 ducatur.
443 2411 543 2484 Dico
553 2411 649 2485 leone

132 2520 269 2594 lineam
294 2522 652 2620 perpendicularem

131 2635 654 2711 mcerrarioeatrociradum

132 2748 279 2822 codme.
311 2747 357 2820 Si
369 2750 464 2823 enim
478 2753 587 2828 cadet
599 2757 653 2830 in·

134 2872 197 2935 tra
226 2863 358 2961 morum,
381 2864 506 2961 qrmlie
535 2881 594 2943 eet
611 2873 704 2948 ΑΒ.·
732 2873 846 2947 ducta
862 2868 942 2957 DB,
969 2873 1079 2940 munt
1108 2864 1181 2938 dno

134 2975 267 3074 anguli
283 2977 398 3067 DAB,
416 2979 520 3054 DBA
536 2985 702 3081 aquales
713 3013 728 3071 ,·
756 2984 828 3058 red
853 2981 955 3057 DAB
978 2989 1103 3053 ream
1125 2989 1182 3053 ert

128 3112 206 3186 per
234 3093 569 3170 comtructionem:
595 3098 719 3198 igitur
745 3109 784 3173 et
811 3096 914 3171 DBA
940 3102 1066 3167 rectus
1093 3092 1180 3183 erit,

137 3202 235 3298 quod
249 3212 307 3277 eet
320 3203 533 3283 absurdum.
569 3210 655 3285 Duo
670 3213 766 3286 enim
783 3209 916 3310 anguli
932 3208 972 3281 in
986 3205 1182 3306 triangulo

136 3314 295 3388 minoret
328 3329 415 3391 runt
444 3319 586 3396 duolne
611 3324 739 3398 rectit.
801 3322 888 3396 Non
922 3321 1043 3421 igitur
1074 3319 1185 3393 canet

130 3430 464 3526 perpendicularis
482 3435 585 3510 intra
601 3437 808 3522 circulum‚·
831 3461 950 3534 neque
968 3435 1121 3509 eandem
1138 3431 1185 3505 ol

138 3567 287 3616 caueam
299 3544 338 3617 in
350 3545 470 3643 ipram
482 3549 830 3648 circumferentiam,
845 3549 1050 3639 sedentrii,
1064 3545 1154 3644 qual
1159 3546 1166 3562 ⁸

138 3665 198 3728 cet
227 3657 299 3732 EF.
351 3657 449 3732 Dico
468 3663 554 3757 jam
584 3689 633 3738 ea
658 3667 704 3757 A,
732 3665 830 3739 inter
854 3665 932 3753 AE,
963 3672 1118 3749 rectam,
1148 3668 1187 3731 et

139 3769 475 3868 circumferentiam
504 3777 583 3869 AB,
614 3803 685 3852 non
711 3803 831 3878 poeee
858 3777 998 3852 cadere
1026 3773 1187 3847 alteram

140 3894 294 3958 rectam.

193 3997 288 4071 Haee
321 4008 378 4073 est
412 3999 737 4078 demonstrationis
768 4003 932 4078 Euclidis
969 4000 1187 4097 (interprete

139 4109 286 4205 Clanio)
323 4135 411 4208 pars
444 4113 588 4211 prima:
627 4140 737 4214 quam
773 4116 857 4190 dico
890 4113 1062 4201 vitiosnm
1095 4133 1187 4184 esse.

142 4223 277 4312 Primo,
294 4225 396 4320 qnod
411 4237 592 4324 punctum
607 4229 642 4303 A
659 4228 750 4303 dicit
767 4252 848 4304 eene
864 4250 984 4326 neque
1000 4226 1101 4299 intra
1118 4223 1190 4297 cir·

143 4336 267 4412 cnlum
296 4361 417 4436 neque
443 4338 483 4415 in
511 4338 808 4419 ekmmterentin
829 4342 921 4441 ejus.
972 4337 1067 4414 Cum
1090 4338 1189 4412 enim
