2888 5002
439 420 692 475 nunticumo
714 419 825 474 cunt.
1084 403 1155 469 505

112 581 150 653 in
179 604 214 677 q,
233 581 304 654 erit
335 580 390 678 Bq
417 583 569 679 aequalis
591 583 671 666 Ac3
698 593 736 654 et
761 581 820 679 qh,
837 580 896 679 qG
918 580 1095 678 aequales:
1121 590 1159 652 et
1196 610 1280 651 raon.
1297 610 1340 650 ιι.

112 718 196 767 cum
212 693 380 785 BG÷Ga,
404 695 467 769 BG
484 697 560 769 sive
580 693 734 793 Bq†qb,
752 695 886 791 etipsa
904 692 961 790 Bq
979 693 1053 767 sint
1070 715 1159 765 con·
1197 677 1341 715 “⁹'‘

111 807 215 879 tinue
244 808 549 904 proportionales⁹
573 809 644 881 erit
668 819 710 881 ut
735 808 791 905 Bq
807 806 855 881 ad
873 805 919 903 qb
943 807 996 880 ita
1021 806 1085 881 CG
1111 803 1159 878 ad

112 919 182 993 Ga.
233 920 357 994 Ducta
373 944 462 1017 ergo
481 921 536 993 Bb
553 919 694 994 incidet
710 921 748 994 in
766 933 946 1018 punctum
963 943 1001 993 a.

404 1410 707 1485 DUPLIGATIO
726 1410 856 1486 CUBI.

590 1596 674 1609 ψ

438 1733 688 1785 PROPOSI'I'IO
706 1734 781 1786 XII.

160 1861 282 1934 Latus
296 1859 378 1935 cubi
393 1861 551 1960 tphoeroe
564 1861 849 1961 circumscripti,
863 1860 1027 1936 additum
1042 1861 1157 1938 lateri

110 1974 194 2049 cubi
207 1975 388 2048 incudem
405 1976 558 2073 aphecca
576 1975 759 2073 iimcripti
774 1987 914 2050 rectam
930 1978 1157 2051 constituunt

110 2088 292 2186 aqualem
303 2088 599 2186 semiperimetro
617 2089 768 2162 maximi
785 2091 823 2163 in
839 2091 994 2190 aphecca
1010 2090 1155 2166 circuli.

161 2201 284 2275 Cubus
313 2203 412 2275 enim
442 2203 596 2298 sphaerae
627 2203 925 2301 circumscriptus
950 2206 1063 2278 habet
1088 2230 1156 2302 pro

110 2316 225 2388 latere
264 2313 341 2392 BG.
420 2316 488 2388 Est
526 2329 649 2388 autem
690 2314 757 2393 BG
789 2317 940 2412 aequalis
975 2318 1156 2391 diametro

110 2429 266 2525 sphaerae
284 2430 379 2502 cubo
397 2428 595 2524 inscripta,
610 2429 714 2524 cujus
731 2429 827 2501 latus
845 2440 901 2502 est
917 2429 997 2525 ipsa
1014 2427 1092 2505 BG.

161 2540 393 2623 Quadratum
417 2556 540 2615 autem
558 2566 580 2614 a
598 2539 665 2617 BG
688 2541 839 2638 triplum
863 2554 920 2615 est
938 2541 1109 2637 quadrati
1134 2565 1158 2616 a

110 2655 179 2727 Ga.
232 2655 345 2728 Latus
363 2678 452 2750 ergo
469 2655 554 2728 cubi
568 2655 721 2751 sphaerae
736 2654 902 2749 inscripti
919 2665 976 2726 est
989 2655 1068 2751 ipsa
1085 2655 1155 2728 Ga.

161 2767 235 2840 Sed
258 2782 456 2865 utrumque
480 2768 600 2858 simul,
618 2769 714 2842 latus
731 2770 817 2843 cubi
834 2768 1101 2864 circumscripti
1118 2779 1157 2841 et

109 2881 289 2978 inscripti,
312 2905 444 2978 nempe
467 2880 534 2958 BG
558 2894 596 2954 et
623 2881 693 2971 Ga,
711 2895 860 2955 ostensa
887 2893 975 2955 sunt
1000 2882 1157 2977 aequalia

109 3009 221 3068 rectae
239 2995 298 3084 Gi,
316 3019 398 3091 quae
416 3008 519 3068 recta
536 3008 686 3069 ostensa
702 3008 760 3067 est
777 2995 927 3089 aequalis
952 2996 1055 3068 arcui
1078 2992 1154 3069 BG.

109 3107 230 3181 Arcus
249 3122 374 3182 autem
388 3108 451 3181 BG
464 3108 615 3204 aequalis
632 3118 689 3180 est
701 3107 991 3203 semiperimetro
1002 3107 1155 3180 maximi

110 3222 239 3294 circuli
252 3222 421 3317 inscripti
438 3223 533 3295 cubo
552 3222 656 3318 cujus
674 3222 770 3294 latus
788 3233 844 3294 est
863 3221 939 3294 BG.

160 3335 277 3408 Recta
291 3336 358 3423 Aa,
376 3358 458 3431 quae
477 3335 611 3408 transit
632 3359 700 3432 per
723 3335 1022 3409 intersectionem
1046 3359 1155 3410 arcus

110 3447 172 3520 GL
191 3462 229 3520 et
252 3461 362 3520 rectae
379 3449 441 3535 Zc,
461 3447 594 3521 transit
620 3472 686 3544 per
710 3460 864 3521 caeteras
890 3472 1017 3523 omnes
1042 3449 1154 3522 inter·

109 3562 290 3634 sectiones
307 3584 459 3633 arcuum
477 3572 515 3633 et
539 3572 724 3634 rectarum
749 3562 910 3635 similes*
936 3574 974 3635 et
1001 3563 1098 3635 inter
1115 3586 1155 3635 se

108 3673 316 3769 aequalium.
371 3672 571 3746 Ostensum
588 3674 687 3747 enim
704 3688 771 3766 est,
785 3676 943 3772 aequales
961 3700 1040 3748 esse
1057 3675 1155 3748 inter

108 3810 147 3860 se
164 3811 291 3860 arcum
305 3786 367 3860 CL
384 3798 422 3859 et
440 3798 581 3859 rectam
600 3785 662 3861 Zc.

158 3900 398 3973 Manifestum
422 3899 510 3972 item
535 3913 592 3973 est
615 3901 751 3973 cubum
768 3924 791 3972 a
810 3900 875 3972 CG
893 3899 1045 3994 duplum
1072 3924 1153 3975 esse

109 4013 193 4085 cubi
210 4014 320 4096 aZc;
338 4025 377 4085 et
395 4013 530 4085 cubum
548 4038 571 4086 a
588 4014 639 4085 Zc
656 4013 808 4109 duplum
826 4037 905 4087 esse
923 4014 1008 4087 cubi
1026 4015 1072 4088 ab
1090 4014 1153 4102 eb;

102 4132 146 4199 ‘et
160 4128 294 4199 cubum
311 4127 358 4199 ab
375 4123 419 4197 eb
437 4125 589 4222 duplum
608 4150 688 4199 esse
702 4126 787 4199 cubi
803 4150 827 4200 a
844 4125 894 4217 tl,
909 4126 985 4200 sive
1003 4128 1072 4201 At.

500 4339 516 4378 *
533 4337 583 4418 Sic
597 4339 666 4400 edit.
685 4341 771 4413 1669.
