2888 5002
470 430 803 483 caouarnanunr.
1078 413 1151 484 409

115 606 231 668 tatem
258 606 322 667 aut
350 594 506 667 duarum
532 606 715 668 rectarum
745 594 969 668 distantiam.
1022 594 1152 691 Neque

115 710 264 781 omnino
292 709 461 804 possibile
489 720 544 781 est
572 708 691 781 ideam
717 709 851 782 habere
878 709 983 781 liueae
1008 707 1151 781 infinite

115 822 314 918 productae.
367 823 544 907 Fortasse,
564 845 670 894 exeo
691 822 788 917 quod
812 823 850 895 in
879 834 1050 895 neutram
1067 845 1151 918 par-

114 949 190 1007 tem
213 934 433 1020 coincidunt,
452 934 694 1007 demonstrari
716 946 841 1031 potest
864 934 963 1031 quod
986 947 1152 1029 suntpa-

114 1047 259 1135 rallelae,
277 1049 351 1121 sive
369 1048 466 1144 quod
495 1048 630 1142 ubique
652 1072 753 1145 aeque
772 1048 921 1136 distant,
939 1047 1004 1121 sed
1019 1071 1063 1121 ex
1081 1048 1153 1121 alia

114 1160 368 1257 parallelorum
385 1162 460 1234 sive
477 1161 784 1256 aequidistantium
802 1162 1025 1234 definitione.

166 1274 306 1347 Deinde
323 1297 389 1370 per
406 1275 520 1347 bonas
534 1273 763 1348 definitiones
774 1275 1018 1348 demonstrari
1032 1275 1152 1349 solent

115 1396 152 1459 et
181 1387 317 1459 debent
344 1385 595 1459 conclusiones
616 1388 764 1481 primae:
789 1387 859 1461 hac
876 1412 964 1461 vero
981 1388 1152 1462 Euclides

114 1523 295 1595 nusquam
312 1499 439 1572 utitur.

164 1613 341 1685 Definitio
360 1611 516 1708 denique
543 1636 661 1708 neque
687 1612 978 1686 demonstrabilis
997 1626 1064 1702 est,
1083 1637 1152 1688 uec

114 1749 192 1799 esse
223 1725 354 1798 debet:
381 1749 465 1798 cum
491 1724 539 1797 sit
565 1724 887 1798 demonstrationis
917 1726 1150 1823 principium.

165 1841 273 1911 Hanc
290 1851 411 1912 autem
426 1839 684 1912 demonstrabo
701 1864 724 1911 a
741 1839 953 1911 definitione
970 1839 1042 1913 alia
1059 1840 1150 1913 hac:

117 1951 322 2025 Parollelae
356 1963 468 2025 rectce
500 1961 595 2040 aaut,
631 1952 669 2025 ia
705 1977 855 2048 quamam
888 1977 961 2025 aaa
994 1954 1152 2050 sumptis

115 2064 253 2138 duobus
264 2065 417 2160 peractis
434 2064 488 2137 ad
502 2058 735 2161 quodcunque
752 2064 997 2154 intervallum,
1011 2067 1059 2140 ab
1073 2066 1153 2139 illia

107 2178 262 2276 punctis
294 2178 375 2251 doc
404 2187 511 2249 rectoe
525 2176 720 2273 facientes
737 2203 815 2251 cum
834 2178 920 2275 ipsa
938 2179 992 2252 ad
1004 2180 1153 2253 easdem

107 2301 246 2388 portes
275 2290 435 2389 angulos
462 2290 631 2388 (aquales,
658 2291 775 2364 ducta
799 2291 853 2364 od
876 2292 1152 2382 alteramenta!

114 2403 287 2502 (equales.
339 2404 395 2476 Ex
413 2428 486 2500 qua
513 2404 724 2476 defiuitione
751 2406 955 2478 necessario
974 2407 1151 2502 sequitur,

115 2518 204 2590 duas
232 2517 310 2590 illas
337 2530 456 2590 rectas
481 2516 679 2613 productas
696 2541 884 2614 uunquam
901 2542 979 2592 esse
997 2543 1152 2592 concur-

114 2654 237 2703 suras:
254 2642 297 2703 ut
310 2655 390 2726 quae
406 2631 541 2727 ubique
559 2632 606 2704 ab
623 2631 821 2728 aequalibus
838 2632 948 2705 rectis
965 2632 1152 2729 aequaliter

114 2744 298 2818 inclinatis
316 2745 548 2817 distineatur.

164 2857 337 2933 Definitio
367 2882 450 2930 mea
477 2858 557 2931 haec
583 2857 704 2931 ideam
728 2859 1003 2955 aequidistantiae
1028 2859 1151 2933 animo

112 2974 316 3069 ingenerat,
334 2996 401 3045 nec
427 2973 473 3045 ab
503 2971 575 3045 alia
599 2971 721 3068 priore
747 2973 988 3047 demonstrari
1006 2985 1149 3069 potest:

112 3099 265 3182 possunt
283 3099 406 3158 autem
423 3086 470 3158 ab
495 3086 558 3158 illa
583 3084 701 3157 multo
730 3085 876 3158 brevius
908 3086 1151 3160 demonstrari

112 3199 367 3295 parallelorum
385 3211 581 3282 rectarum,
598 3197 657 3269 vel
674 3197 785 3269 etiam
798 3198 1053 3291 parallelorum
1071 3199 1150 3296 pla-

112 3337 245 3385 norum
272 3311 525 3408 proprietates
555 3335 665 3407 quam
692 3321 758 3383 aut
782 3311 829 3383 ab
860 3311 1012 3385 Euclide
1037 3324 1102 3386 aut
1127 3336 1152 3386 a

114 3424 241 3497 Clavio
259 3424 569 3498 demonstrantur.

163 3538 282 3633 Atque
307 3537 384 3610 haec
411 3537 510 3610 dicta
537 3536 718 3610 sufficiant
741 3537 787 3609 de
809 3535 1084 3612 definitionibus
1101 3537 1150 3612 ad

111 3651 342 3724 Elementum
372 3651 541 3747 primum,
565 3673 609 3722 ex
636 3651 767 3747 quibus
795 3674 1016 3747 cognoscere
1043 3665 1149 3749 potes

111 3789 220 3860 quam
242 3764 335 3836 bene
355 3774 434 3836 tum
460 3762 617 3851 Clarius,
638 3778 718 3836 tum
734 3764 916 3851 Euclides,
940 3779 1019 3838 tum
1036 3766 1149 3841 etiam

112 3901 238 3950 eorum
256 3886 456 3949 sectatores
470 3889 639 3948 naturam
652 3875 918 3971 parallelorum,
928 3891 994 3953 aut
1010 3879 1148 3976 anguli,

110 4004 175 4064 aut
192 3991 309 4081 lineae,
329 4001 393 4064 aut
408 3991 536 4086 puncti
553 3988 824 4065 intellexeruut.
860 3990 1058 4067 Videamus
1070 3994 1149 4090 jam

103 4105 320 4203 petitiones,
337 4115 461 4177 utrum
481 4127 596 4200 aequae
613 4126 661 4175 an
678 4101 815 4199 iniquae
832 4103 916 4178 sint.

542 4275 734 4285 u-———-——--

1197 618 1264 658 ΟΔΡ.
1279 618 1322 658 IX.

1192 685 1334 720 *τύ

1203 748 1323 806 neugm
