2888 4988
314 409 387 473 492
591 421 877 482 uusnusrums
896 420 1080 474 crucum.

150 615 262 655 raons
314 586 484 684 idemque
502 585 642 682 aequale
666 585 853 682 triangulo
872 586 965 682 Aqr.
1018 586 1170 674 Rursus,
1189 583 1356 681 quiatri·

314 700 491 796 angulum
509 700 591 796 qu
607 699 747 796 aequale
764 710 823 772 est
849 700 983 772 sectori
1002 697 1113 787 AGL,
1131 711 1242 771 erunt
1260 697 1358 770 trili-

312 837 385 886 nea
406 811 489 911 qu
512 825 552 885 et
575 813 660 910 Cyp
686 813 854 909 aequalia,
872 823 912 886 et
934 813 1044 886 ambo
1066 812 1174 886 simul
1198 812 1362 908 aequalia

314 927 448 1001 sectori
466 925 583 999 AVP.
635 927 683 999 Et
709 926 866 1023 proinde
888 923 1120 1024 Acv÷cyp
1136 927 1279 1022 aequale
1303 924 1362 998 di·

312 1039 427 1112 midio
454 1039 590 1113 sectori
607 1038 719 1126 AOL,
742 1040 783 1112 id
806 1051 864 1114 est
890 1039 1078 1136 triangulo
1104 1039 1208 1136 Ayr:
1234 1051 1363 1112 totum

314 1154 423 1250 parti,
441 1153 541 1248 quod
558 1163 613 1227 cst
631 1154 843 1228 absurdum.

365 1266 552 1352 Similiter,
582 1281 705 1342 sector
735 1267 837 1341 ALP
871 1291 1059 1341 unacum
1095 1267 1244 1341 trilineo
1275 1267 1363 1365 qlqr

313 1378 454 1475 aequale
481 1380 552 1452 erit
574 1381 758 1477 triangulo
776 1381 873 1479 Aqr,
890 1379 930 1453 id
948 1392 1016 1471 est,
1034 1404 1119 1477 pars
1136 1382 1229 1455 toti:
1257 1380 1359 1478 quod

313 1504 371 1565 est
386 1492 598 1566 absurdum.

304 1683 308 1691 ,
364 1606 403 1678 Si
422 1606 511 1704 qu
528 1618 735 1679 sumeretur
752 1629 863 1702 supra
879 1605 1104 1703 triangulum
1123 1603 1246 1697 AYQ,
1257 1606 1360 1682 idem

312 1733 528 1816 sequeretur
545 1720 755 1793 absurdum.

362 1835 429 1907 Est
446 1857 534 1928 ergo
551 1833 777 1929 triangulum
794 1833 915 1929 ipsum
934 1830 1045 1923 AYQ
1062 1833 1202 1930 aequale
1220 1835 1357 1906 sectori

302 1944 436 2033 ‚A0L2
464 1947 502 2020 id
528 1956 596 2031 est,
614 1958 744 2020 octava
766 1970 851 2042 pars
867 1946 1037 2043 quadrati
1066 1944 1194 2038 QRST
1211 1945 1357 2021 duobus

313 2059 518 2133 sectoribus
535 2057 645 2146 ΑΟΡ,
658 2057 758 2131 APL
776 2057 885 2131 simul
902 2059 1070 2154 sumptis,
1083 2059 1122 2132 id
1140 2072 1197 2132 est
1213 2072 1356 2134 octavae

311 2173 410 2268 parti
428 2172 541 2246 totius
558 2172 685 2245 circuli
712 2170 845 2246 BCDE
869 2171 966 2244 dati:
992 2184 1028 2245 et
1047 2184 1168 2246 totum
1195 2172 1354 2271 quadra·

311 2299 391 2361 tum
410 2286 540 2360 QRST
557 2285 694 2382 aequale
713 2285 851 2358 circulo
869 2285 1015 2381 integro
1033 2284 1178 2360 BCDE.

362 2401 558 2474 Inventum
603 2410 660 2473 est
698 2423 786 2495 ergo
826 2399 964 2472 circulo
1004 2399 1092 2473 dato
1132 2400 1354 2496 quadratum

311 2514 464 2611 aequale.

364 2626 501 2700 Coroll.
519 2628 544 2700 i.
572 2627 611 2700 Si
639 2636 768 2699 centro
794 2625 841 2715 A,
872 2625 1143 2699 semidiametro
1171 2626 1241 2716 Ab,
1270 2652 1352 2723 quae

299 2746 358 2826 ,sit
375 2744 497 2818 media
512 2742 795 2841 proportionalis
813 2743 908 2814 inter
921 2742 1018 2814 latus
1032 2741 1098 2816 AC
1116 2755 1153 2814 et
1170 2743 1283 2839 ipsius
1302 2744 1352 2818 di·

309 2858 475 2944 midium,
493 2857 722 2930 describatur
738 2879 844 2928 arcus
868 2854 995 2928 circuli
1021 2877 1149 2928 secans
1167 2853 1236 2930 AO
1254 2856 1293 2928 in
1319 2857 1352 2947 b,

311 2983 350 3044 et
368 2969 440 3043 AV
457 2971 495 3043 in
514 2996 546 3059 c,
565 2982 604 3043 et
620 2968 686 3043 AC
704 2970 741 3041 in
761 2968 797 3056 le,
816 2969 886 3040 erit
909 2978 989 3040 tum
1015 2968 1242 3042 sectorculus
1260 2970 1352 3061 Ate,

312 3097 392 3158 tum
425 3083 693 3179 quadrilineum
728 3080 851 3169 VPbc,
886 3081 1024 3177 aequale
1060 3081 1206 3153 trilineo
1247 3082 1352 3157 CYP.

311 3197 504 3283 Praeterea,
524 3196 553 3268 si
573 3192 789 3290 apunctob
816 3193 863 3265 ad
890 3192 987 3266 latus
1005 3192 1070 3268 Ac
1090 3192 1247 3267 ducatur
1268 3220 1353 3291 per-

310 3309 554 3404 pendicularis
567 3308 620 3398 be,
636 3309 707 3381 erit
724 3306 908 3380 trilineum
926 3305 992 3378 hbe
1005 3306 1196 3381 dimidium
1215 3308 1354 3381 trilinei

362 3534 500 3608 Coroll.
528 3536 565 3608 ii.
611 3535 783 3630 Sequitur
814 3533 924 3606 etiam
959 3557 1147 3607 excessum
1182 3536 1354 3630 quadrati

311 3647 442 3724 ABGC
468 3673 577 3744 supra
600 3647 841 3745 quadrantem
860 3644 971 3734 ABG,
989 3671 1068 3719 esse
1096 3648 1143 3721 ad
1160 3671 1353 3721 excessum

309 3763 523 3858 quadrantis
572 3761 736 3857 ejusdem
789 3785 899 3856 supra
947 3760 1139 3834 dimidium
1182 3760 1354 3858 quadrati

311 3874 455 3963 ABGC,
472 3888 514 3949 ut
534 3885 555 3948 2
575 3875 623 3948 ad
641 3885 676 3947 3.

360 3990 481 4062 Ducta
498 3991 596 4061 enim
614 4014 636 4061 a
652 4001 791 4084 puncto
810 3987 901 4060 Lad
918 3987 1013 4060 latus
1031 3986 1097 4061 AC
1112 3987 1352 4083 perpendicu-

309 4103 377 4174 lari
407 4103 472 4191 Lu,
495 4103 565 4175 erit
593 4101 817 4196 triangulum
837 4099 929 4174 ALt
957 4101 1149 4174 dimidium
1177 4102 1352 4197 trianguli

311 4213 421 4290 AGC.
