2888 4988
280 391 354 458 442
437 404 492 458 Dll
511 404 743 459 PRINCIPIIS
763 405 814 459 ET
832 403 1198 459 surrocmsmortn

79 592 149 634 w·
163 592 252 637 xvrn.
279 570 400 645 minor
429 572 582 648 dimidio
612 576 707 649 cubo
734 575 782 649 ad
799 574 880 664 AD,
897 573 937 648 id
962 585 1030 663 est,
1046 572 1167 646 minor
1184 570 1330 667 majore

80 661 236 768 ἧς
279 686 483 760 mediarum
500 688 598 762 inter
614 689 683 762 AD
702 701 740 762 et
756 687 859 762 DV.’'

79 788 251 842 ”mm
330 798 417 871 Non
431 799 577 896 disputo
594 801 665 875 hoc
682 800 764 874 loco
790 825 838 874 sn
864 800 984 895 major
1011 797 1216 871 mediarum
1234 795 1331 869 dua-

278 935 362 984 rum
379 936 507 986 revera
523 914 571 987 sit
587 915 661 1001 VS,
679 913 744 987 sed
761 914 948 1008 specimen
976 912 1132 986 exhibeo
1163 911 1330 1007 algebrae

279 1023 479 1111 hodiernae,
496 1050 563 1122 per
585 1052 695 1124 quam
721 1028 790 1101 DV
813 1040 870 1100 est
886 1026 984 1099 linea
1014 1034 1057 1108 l;
1088 1035 1128 1098 et
1152 1047 1220 1121 per
1239 1046 1332 1097 con·-

279 1162 435 1234 sequens
452 1140 520 1213 AD
534 1152 591 1215 est
609 1152 631 1215 2
649 1142 782 1225 lineae;
800 1152 838 1213 et
854 1162 921 1237 per
937 1161 1176 1233 consequens,
1194 1160 1331 1211 secun·

279 1250 369 1326 dum
388 1252 598 1348 hujusmodi
623 1253 853 1351 algebristas‚
879 1252 995 1326 cubus
1012 1251 1082 1324 AD
1099 1250 1252 1346 aequalis
1269 1259 1331 1323 est

280 1372 304 1438 8
321 1365 451 1449 lineis;
478 1376 516 1438 et
532 1373 581 1439 45
599 1365 780 1460 quadrata
797 1390 820 1438 a
836 1366 904 1438 DV
918 1366 1040 1437 minus
1055 1373 1085 1437 d
1091 1370 1178 1437 1681
1201 1386 1330 1458 aequa-

278 1477 327 1551 lia
345 1489 501 1574 quatuor
518 1478 636 1569 lineis,
654 1502 799 1575 nempe,
816 1477 1042 1574 quadruplus
1058 1487 1170 1549 rectae
1187 1475 1270 1548 DV.

329 1590 477 1686 Reputa
500 1602 624 1665 tecum
653 1616 701 1665 an
730 1593 810 1666 haec
833 1615 909 1664 non
927 1591 1001 1664 sint
1018 1590 1135 1686 magis
1152 1589 1329 1679 absurda,

279 1726 390 1800 quam
406 1704 482 1777 ulla
498 1729 581 1800 quae
598 1705 755 1778 inveniri
771 1714 928 1802 possunt
944 1703 984 1775 in
1000 1702 1133 1776 ethicis
1149 1713 1214 1776 aut
1231 1703 1330 1800 poli-

278 1816 362 1890 ticis
379 1817 540 1891 Platonis
557 1831 622 1891 aut
636 1818 857 1892 Aristotelis.

329 1928 471 2025 Regula
488 1941 611 2003 autem
627 1930 788 2027 algebrae
809 1929 893 2004 talis
910 1940 986 2003 est:
1013 1929 1202 2002 theorema
1225 1929 1330 2025 quod

278 2043 467 2137 quaeritur,
486 2054 716 2140 supponatur
725 2068 853 2117 verum
870 2067 972 2128 esse;
998 2043 1057 2116 vel
1073 2042 1174 2141 quod
1189 2042 1330 2116 facien·

279 2154 367 2228 dum
395 2168 463 2245 est,
494 2170 724 2254 supponatur
753 2157 905 2232 factum.
957 2157 1014 2231 Ex
1041 2180 1085 2230 eo
1119 2157 1328 2253 supposito,

277 2270 475 2366 assumptis
492 2270 573 2344 aliis
589 2271 761 2369 cognitis,
788 2271 969 2345 inferatur
1003 2269 1203 2359 conclusio,
1222 2283 1331 2344 etex

278 2382 335 2456 his
352 2382 435 2456 aliae
455 2384 722 2475 conclusiones,
736 2384 856 2459 donec
872 2384 1042 2457 veniatur
1058 2382 1107 2456 ad
1129 2384 1329 2480 principia,

277 2495 419 2569 autad
448 2520 537 2570 vera
565 2497 713 2572 aliunde
744 2498 905 2595 cognita,
937 2511 1029 2594 quot
1058 2496 1246 2570 sufficiunt
1276 2496 1330 2569 ad

278 2609 457 2705 suppositi
490 2608 868 2694 demonstrationem
903 2610 961 2683 vel
997 2610 1116 2683 donec
1141 2609 1328 2699 veniatur,

278 2722 310 2795 si
336 2722 390 2796 ita
420 2723 623 2820 contingat,
654 2724 703 2798 ad
726 2722 926 2797 absurdum
953 2722 1113 2819 aliquod.
1166 2723 1264 2796 Nam
1296 2723 1331 2796 si

279 2834 424 2910 ducaris
452 2836 613 2910 advers
640 2848 729 2933 quot
757 2836 943 2910 sufficiunt
969 2835 1018 2910 ad
1046 2834 1330 2909 demonstratio·

279 2973 375 3040 nem,
387 2973 432 3022 ex
449 2950 521 3023 illis
538 2951 635 3023 veris
652 2951 835 3024 conversis
853 2950 1084 3047 suppositum
1098 2949 1330 3023 demonstra-

277 3062 397 3135 bitur:
423 3064 479 3136 sin
496 3063 638 3137 incidas
655 3064 694 3137 in
711 3064 923 3153 absurdum,
940 3063 1073 3137 falsum
1091 3086 1171 3137 esse
1189 3064 1275 3137 scis

330 3176 412 3248 Hac
442 3200 530 3250 usus
562 3187 619 3250 est
641 3178 816 3250 methodo
841 3178 982 3275 primus
1006 3179 1202 3275 (quantum
1228 3175 1326 3269 scio)

279 3288 524 3384 Diophantus,
543 3290 673 3386 paucis
696 3291 871 3364 adhibitis
891 3292 990 3364 notis
1011 3292 1164 3388 (praeter
1180 3289 1326 3384 literas)

279 3401 454 3498 symbolis
472 3402 650 3491 radicum,
669 3402 946 3499 quadratorum,
971 3405 1161 3477 cuborum.
1213 3402 1328 3476 Nunc

280 3527 404 3586 autem
433 3527 513 3588 tota
530 3515 690 3613 algebrs,
709 3528 819 3590 aucta
843 3517 1018 3614 symbolis
1041 3517 1088 3590 ab
1107 3515 1329 3613 Ougbtredo

280 3640 319 3699 et
348 3626 526 3718 canesio,
557 3639 595 3702 et
624 3630 671 3703 ab
698 3630 756 3704 his
787 3630 834 3704 ad
864 3631 1106 3727 geometriam
1129 3631 1328 3727 applicata,

280 3764 413 3814 nomen
438 3742 598 3815 obtinuit
616 3742 835 3840 geometrice
860 3743 1098 3840 symbolice:
1124 3744 1328 3839 infecitque

279 3854 388 3950 hujus
406 3857 474 3928 sevi
491 3869 710 3952 geometras
727 3859 942 3953 geometriae
959 3880 1055 3931 verae
1072 3858 1198 3954 pestis,

330 3969 416 4042 Dixi
440 3969 485 4041 de
510 3969 711 4066 principiis
763 3970 962 4044 Videamus
987 3994 1098 4059 nunc,
1116 3995 1164 4043 an
1182 3969 1327 4042 nonsit

281 4081 392 4154 etiam
409 4082 531 4178 aliqua
547 4082 708 4156 Euclidis
726 4083 783 4156 vel
803 4084 918 4156 Cluvii
938 4084 1203 4159 demonstratio
1221 4084 1328 4178 cujus

280 4193 399 4269 forma
415 4196 464 4268 sit
481 4196 685 4293 illegitima.
