2888 5002
389 438 670 491 nnosnnuurn
690 437 885 495 nursrcu.
1086 422 1158 489 345

162 605 212 680 A.
239 604 315 680 uui
343 606 424 678 fieri
445 617 571 704 potest
601 617 645 678 ut
665 605 768 679 navis
786 615 937 678 aventu
958 615 1056 693 acta,
1073 628 1160 700 pro·
1212 631 1281 672 cm.
1295 631 1338 673 v1.

111 719 303 816 gradiatur
329 730 455 793 tamen
486 718 684 816 aliquando
710 719 749 791 in
775 717 905 791 eadem
924 717 1023 791 linea
1044 730 1159 809 recte,
1172 701 1374 827 „ffim

112 833 216 929 quasi
233 846 384 907 aventu
402 858 477 907 non
496 833 654 930 impulsa
671 831 736 905 sed
753 831 940 906 attracta?
1171 834 1373 945 maeel*

164 946 213 1019 B.
241 946 343 1019 Scire
372 947 474 1043 prius
505 956 665 1042 oportet,
690 944 789 1041 quod
819 967 953 1041 corpus
983 968 1092 1018 omne
1119 945 1159 1019 in

112 1059 213 1132 aliud
230 1084 365 1157 corpus
382 1060 603 1156 impingens,
617 1059 694 1132 sive
712 1058 1066 1154 perpendiculariter
1083 1059 1160 1132 sive

113 1172 259 1268 oblique
276 1172 455 1262 incidens,
475 1195 619 1268 semper
645 1183 770 1246 tamen
793 1171 871 1266 agit
896 1171 935 1243 iu
961 1170 1059 1244 linea
1076 1195 1160 1267 quae

113 1299 170 1359 est
186 1285 234 1358 ad
251 1285 483 1381 superficiem
500 1284 665 1380 corporis
683 1285 721 1356 in
740 1282 840 1380 quod
858 1282 989 1357 incidit
1005 1307 1161 1381 perpen-

113 1399 299 1472 dicularis
350 1398 519 1494 Exempli
546 1422 681 1471 causa:
707 1398 782 1493 pila
807 1397 971 1471 ferreae
994 1398 1161 1493 sclopeto

111 1513 150 1587 in
167 1512 348 1608 parietem
365 1512 487 1600 missa,
506 1535 588 1584 eam
615 1510 770 1584 aliamve
798 1512 992 1584 materiam
1015 1511 1069 1584 ita
1093 1511 1161 1584 im·

110 1625 228 1721 pellit,
246 1636 290 1698 ut
308 1648 393 1721 pars
416 1624 492 1697 icta
516 1623 690 1697 recedere
718 1635 873 1720 cogatur
902 1625 942 1697 in
962 1624 1061 1697 linea
1077 1649 1160 1721 quae

114 1750 171 1811 est
200 1739 248 1811 ab
276 1738 509 1834 superficiem
538 1737 867 1834 perpendicularis.
918 1738 1017 1812 Nam
1043 1738 1162 1812 siria

110 1852 196 1948 pilae
222 1852 271 1925 sit
298 1851 346 1924 ad
367 1851 547 1946 parietem
577 1851 740 1948 obliqua,
763 1864 885 1924 motus
908 1853 987 1949 ejus
1010 1875 1160 1948 compo·

112 1976 222 2038 netur
239 1989 285 2038 ex
299 1963 442 2037 duobus
460 1963 633 2053 motibus,
646 1964 763 2039 altero
781 1964 830 2038 ad
844 1966 1025 2062 parietem
1042 1965 1161 2062 paral-

111 2077 196 2165 lelo,
231 2078 348 2150 altero
382 2075 689 2173 perpendiculari.
742 2079 776 2151 A
806 2103 963 2175 quornm
993 2091 1160 2153 motuum

112 2191 232 2286 primo
250 2190 372 2263 nullus
390 2191 429 2262 in
447 2190 588 2286 pariete
607 2192 758 2265 effectus
777 2216 854 2265 esse
871 2203 1005 2289 potest.
1057 2192 1160 2266 Ictus

112 2329 201 2401 ergo
220 2315 322 2377 totus
345 2304 417 2377 erit
433 2328 456 2376 a
473 2314 578 2377 motu
604 2305 734 2395 altero,
758 2330 889 2401 nempe
915 2306 1160 2403 perpendicu-

111 2419 204 2492 lari:
230 2441 343 2515 quare
360 2441 446 2514 pars
465 2418 617 2514 parietis
645 2442 818 2515 percussa
838 2419 990 2493 recedet
1006 2420 1046 2491 in
1063 2420 1161 2493 linea

110 2532 407 2628 perpendiculari
424 2531 513 2605 sola.
564 2532 646 2605 Nec
673 2532 744 2607 nisi
770 2533 824 2606 ita
847 2544 954 2620 esset,
971 2532 1047 2607 ulla
1064 2544 1161 2607 esset

112 2645 208 2718 ictus
233 2645 372 2743 obliqui
397 2656 435 2719 et
465 2644 779 2742 perpendicularis
803 2644 1012 2720 differentia
1038 2646 1161 2742 quoad

112 2757 201 2831 vim.
253 2756 364 2832 Quod
381 2757 514 2831 falsum
531 2781 611 2832 esse
629 2758 752 2832 sciunt
768 2782 909 2833 omnes.

164 2869 214 2943 Α.
241 2869 439 2945 Quomodo
456 2882 580 2944 autem
598 2871 678 2944 haec
696 2869 745 2943 ad
761 2894 892 2946 navem
908 2872 1112 2946 transfers?

165 2982 215 3056 B.
242 2983 299 3056 Sit
315 2982 387 3055 AB
409 2983 527 3070 navis,
543 3006 656 3078 prora
674 2984 717 3058 A.
1133 3005 1150 3040 Β

117 3096 201 3170 Jam
220 3096 252 3169 si
261 3107 394 3169 ventus
411 3095 526 3192 spiret
538 3095 720 3167 abAver-

112 3233 174 3283 sus
192 3208 236 3299 B,
248 3206 424 3304 progredi
441 3208 545 3281 navis
561 3231 637 3281 non
654 3230 720 3304 po·

113 3334 200 3412 test,
232 3322 564 3418 quomodocunque
592 3321 720 3396 obten-

112 3460 195 3510 sum
226 3435 273 3510 sit
300 3434 434 3509 velum.
487 3434 543 3508 Sit
576 3434 646 3508 OD
672 3432 721 3506 ad
840 3501 857 3534 υ

111 3572 245 3622 navem
261 3547 587 3645 perpendicularis,
601 3546 722 3673 sitque

111 3662 314 3735 velumEC
332 3662 480 3758 oblique
507 3672 665 3748 tensum,
683 3658 723 3731 in

113 3774 614 3872 quocunqueanguloECA.
649 3773 724 3847 Sit-

113 3912 184 3985 que
198 3887 257 3961 CF
266 3887 580 3984 perpendicularis
590 3885 638 3959 ad
648 3886 723 3959 EC.

112 4000 225 4073 Vides
252 4024 341 4096 ergo
369 4023 648 4096 progressuram
673 4021 804 4071 navem
826 4022 895 4094 pro
922 3996 1065 4070 ratione
1089 3995 1161 4070 CA

112 4114 160 4188 ad
178 4114 259 4187 DF.

162 4227 212 4301 A.
240 4227 298 4300 lta
315 4238 383 4300 est.
436 4225 509 4300 Sed
527 4226 558 4299 si
576 4236 707 4300 ventus
725 4225 802 4299 fere
825 4222 1033 4299 contrarius
1051 4232 1160 4312 esset,
