2888 5002
393 425 709 480 unrnnnrnmcm
730 420 975 476 uonrnnun.
1153 399 1200 478 79

154 592 313 652 διπλασίονι
326 594 470 670 ἀναλογίᾳ
485 592 534 657 ἕως
547 588 579 650 οὗ
593 591 608 648 ὁ
622 589 732 667 σιίμπας
744 595 849 664 πρῶτος
863 589 989 660 γένηται,
1004 587 1049 644 καὶ
1063 587 1078 644 ὁ
1092 586 1202 663 σιίμπας
1238 603 1390 647 nunoous

154 700 199 758 ἐπὶ
214 699 264 758 τὸν
275 698 394 778 ἔσχατον
407 693 686 762 πολλαπλασιασθεὶς
708 699 774 765 ποιῆ
793 690 864 763 τίνα,
891 693 1076 768 ὁγενόμενος
1100 693 1203 756 τέλειος
1300 686 1333 725 ¹¹·

154 804 240 864 ἔσται.

207 911 254 984 Α.
284 909 384 984 Quid
406 906 592 1004 significat
616 905 787 979 hocloco
810 918 841 976 ἐν
854 913 997 992 ἀναλογίᾳ
1017 903 1203 976 turricolam?

156 1024 291 1098 Nonne
309 1022 493 1119 significat
519 1019 800 1117 proportionem
824 1018 900 1093 sive
928 1018 1204 1092 similitudinem

156 1137 342 1211 rationum
359 1159 443 1231 quae
470 1133 633 1206 cernitur
659 1132 700 1203 in
723 1132 885 1205 numeris
902 1133 948 1206 ab
968 1130 1124 1204 Euclide
1142 1153 1206 1203 ex·

156 1249 299 1346 positis,
316 1248 490 1322 nimirum
510 1246 580 1336 his,
603 1254 634 1335 l,
653 1254 689 1335 2,
706 1254 743 1332 4,
762 1252 798 1334 8,
821 1254 879 1336 16,
898 1257 988 1319 eto:
1016 1245 1055 1318 in
1073 1245 1206 1341 quibus

156 1385 331 1436 numerus
348 1360 531 1457 posterior
545 1357 679 1454 prioris
696 1381 840 1454 semper
853 1372 910 1432 est
924 1358 1081 1455 duplus?
1108 1358 1206 1431 Nam

157 1474 189 1549 si
211 1475 258 1548 de
279 1474 424 1547 ratione
446 1474 527 1569 ipse
550 1471 738 1568 duplicata
765 1472 1044 1568 intelligeretur,
1063 1472 1207 1544 numeri

163 1597 195 1679 l,
213 1597 249 1678 2,
266 1598 304 1677 4,
324 1595 360 1678 8,
380 1595 435 1675 16,
453 1599 537 1674 etc,
555 1607 630 1658 non
658 1585 775 1681 magis
807 1584 955 1658 dicendi
983 1595 1104 1658 essent
1128 1608 1207 1657 esse

159 1716 190 1774 ἕν
202 1714 348 1792 ἀναλογίᾳ
362 1711 527 1781 διπλασίονι,
545 1721 656 1794 quam
671 1706 702 1788 l,
719 1706 755 1788 3,
766 1706 803 1788 9,
816 1703 879 1787 27,
891 1706 951 1789 81,
965 1709 1035 1772 eie.
1078 1697 1207 1795 ltaque

159 1813 362 1911 propositio
396 1812 476 1884 haec
510 1810 675 1885 Euclidis
709 1810 756 1885 de
786 1835 940 1885 numero
964 1812 1143 1908 perfecto,
1168 1811 1208 1884 in

161 1927 262 2001 omni
303 1922 560 2023 progressione
596 1924 822 2020 geometrica
857 1948 932 1997 non
966 1925 1087 1998 minus
1121 1947 1209 1999 vere

162 2053 270 2130 esset,
284 2063 397 2136 quam
413 2039 453 2111 in
469 2038 726 2134 progressione
743 2038 813 2110 hac
830 2062 896 2134 per
911 2038 1208 2135 duplicationem.

162 2154 320 2228 Necesse
350 2175 440 2249 ergo
475 2163 532 2225 est
561 2162 604 2224 ut
633 2176 725 2225 voce
755 2153 826 2225 hac
856 2163 1010 2223 διπλασιοι
1040 2174 1128 2224 usus
1161 2151 1210 2223 sit

161 2266 333 2342 Euclides
357 2288 425 2363 pro
454 2263 641 2360 duplicato
672 2289 838 2354 numero,
856 2265 896 2338 id
911 2278 980 2354 est,
998 2289 1066 2362 pro
1084 2264 1209 2360 duple,

162 2405 237 2455 non
265 2403 334 2478 pro
364 2378 552 2476 duplicate
579 2378 735 2452 ratione.
800 2379 921 2474 lgitur
950 2379 1044 2453 ratio
1071 2387 1086 2451 l
1114 2378 1207 2451 sd2

163 2518 237 2567 non
256 2506 313 2567 est
330 2491 513 2588 subdupla
528 2491 636 2580 ratio,
652 2492 717 2565 sed
734 2492 829 2566 ratio
843 2492 963 2589 simpli
977 2492 1026 2565 ad
1043 2491 1208 2587 duplum,

163 2606 239 2679 sive
269 2605 429 2680 semissis
455 2603 504 2678 ad
530 2604 740 2700 integrum
775 2628 896 2700 neque
923 2605 1079 2693 inverse,
1114 2603 1209 2677 ratio

164 2729 187 2793 2
206 2719 255 2792 od
274 2725 364 2791 lest
380 2716 476 2790 ratio
494 2716 617 2812 dupla,
637 2716 703 2790 sed
719 2717 815 2791 ratio
834 2718 937 2814 dupli
954 2717 1002 2791 ad
1025 2717 1208 2813 simplum,

165 2832 241 2905 sive
259 2831 395 2928 integri
411 2831 460 2904 ad
476 2829 676 2904 semissem.

213 2942 262 3017 B.
288 2945 472 3018 Accnrate
488 2944 581 3017 haec.
633 2957 797 3017 Διπλασίωι
815 2968 903 3043 ergo
922 2943 1019 3018 idem
1037 2945 1209 3041 estquod

165 3059 311 3157 duplus,
333 3070 377 3132 ut
403 3057 502 3155 apud
527 3058 717 3133 Euclidem
740 3060 860 3156 ipsum
884 3060 1015 3153 (Elem.
1035 3059 1086 3133 iii.
1103 3082 1208 3155 prop.

166 3173 246 3265 20).
285 3172 405 3245 Voces
422 3180 546 3244 autem
562 3171 779 3270 subduplus,
790 3171 1008 3271 subtriplus,
1026 3184 1110 3260 etc,
1125 3172 1209 3245 ber-

165 3287 266 3359 barae
283 3296 383 3373 suut,
400 3298 438 3359 et
461 3285 507 3358 nb
534 3285 580 3358 iis
606 3284 779 3376 inventae,
797 3287 872 3382 qui,
890 3310 974 3359 eum
992 3286 1031 3359 in
1048 3284 1211 3358 tenebris

166 3407 412 3488 versarentur,
430 3396 627 3495 cupiebant
657 3421 806 3495 quoquo
830 3412 982 3496 possent
1004 3398 1114 3471 modo
1132 3421 1211 3472 sese

166 3534 395 3609 promovere.
431 3509 723 3608 Ostendistijam
737 3523 893 3586 διπλασίων
909 3511 1008 3609 apud
1022 3511 1212 3586 Euclidem

168 3624 376 3720 significare
409 3623 449 3697 in
482 3623 645 3697 numeris
679 3624 842 3722 duplum.
901 3626 1065 3701 Ostende
1099 3625 1212 3699 etiem

169 3737 268 3833 quod
284 3737 470 3834 significat
494 3735 594 3833 apud
620 3737 777 3811 eundem
804 3739 843 3812 in
870 3739 1074 3813 rationibus
1092 3737 1213 3834 dupli-

167 3861 302 3925 catum.

217 3961 264 4038 Α.
290 3963 387 4037 Ecce
411 3962 450 4036 in
471 3962 683 4037 definitione
707 3966 890 4039 Elementi
915 3966 1033 4063 quinti
1057 3964 1212 4054 decima,

168 4076 221 4150 sic
249 4076 341 4151 dicit
364 4075 561 4151 Euclides:
598 4089 665 4147 ouo
692 4088 720 4148 ee
746 4093 809 4169 τρία
838 4088 945 4169 μεγέθη
967 4092 1113 4166 ἀνάλογοι
1135 4089 1162 4161 ἦ,
1183 4091 1214 4149 rt

166 4199 275 4268 πρῶτον
289 4189 356 4268 πρὸς
369 4192 400 4247 πὸ
413 4195 508 4267 τρίτον
522 4187 688 4249 διπλασίονα
703 4192 791 4265 λόγον
805 4189 1011 4270 ἔχεινλέγεται,
1026 4188 1092 4268 ἥπερ
1105 4190 1172 4266 πρὸς
1184 4191 1215 4250 πό

167 4304 311 4384 δεύτεροι
333 4294 397 4368 ubi
424 4294 605 4369 rationem
628 4294 765 4398 rationi
790 4296 859 4370 sibi
886 4295 1018 4394 aeqnali
1038 4294 1214 4381 additam,
