2888 5002
431 430 613 485 cosmo
635 432 827 486 sennenn.
1076 420 1149 485 495

106 596 308 671 solidorum
324 598 534 696 reciprocae.
570 601 696 676 Quare
712 603 794 699 (per
810 599 953 675 Euclid.
971 599 1086 673 Elem.
1101 600 1150 672 xi.

106 734 211 808 prop.
225 713 290 806 34)
307 714 421 787 cubus
432 738 455 786 a
467 714 529 804 tn,
542 726 578 789 et
590 715 748 789 solidum
765 717 832 789 sub
843 716 913 790 To
923 724 960 786 et
971 713 1151 810 quadrato

107 824 154 898 ab
172 850 238 923 og,
256 839 344 900 sunt
361 827 527 924 aequalia.
581 825 654 901 Sed
671 828 828 902 solidum
847 828 915 902 sub
931 826 1001 901 ΤΟ
1014 836 1051 899 et
1065 850 1151 921 qua-

109 937 217 1011 drato
231 940 277 1011 ab
295 963 359 1035 og,
377 941 516 1035 aequale
535 954 590 1015 est
605 941 759 1036 sphaerae
777 943 882 1037 cujus
900 940 1077 1013 diameter
1095 952 1152 1012 est

109 1050 182 1124 ΟΕ.
234 1048 355 1141 Quare
373 1053 489 1125 cubus
506 1077 529 1125 a
545 1053 594 1126 lm
611 1053 762 1150 aequalis
775 1064 833 1126 est
849 1053 1002 1149 sphaerae
1020 1051 1151 1126 eidem.

161 1164 336 1239 inventus
353 1188 442 1261 ergo
459 1177 516 1240 est
528 1166 644 1239 cubus
660 1168 814 1263 sphaerae
832 1167 992 1264 aequalis.

470 1516 721 1569 PROPOSlTIO
747 1517 811 1568 111.

261 1671 435 1745 Invenire
455 1683 599 1747 rectam
616 1672 790 1770 (equalem
809 1672 915 1745 arcui
934 1671 1004 1745 CL.

160 1836 367 1932 Repetatnr
384 1837 422 1909 in
439 1837 560 1932 figura
576 1837 738 1910 secunda
754 1860 839 1933 pars
860 1837 989 1932 figurae
1014 1834 1154 1930 primae,

112 1947 152 2020 io
169 1972 242 2044 qua
255 1948 475 2044 quadratum
493 1946 620 2039 QRST
635 1949 773 2046 aequale
792 1960 847 2021 est
857 1948 995 2021 circulo
1010 1945 1155 2021 BCDE.

114 2061 249 2135 Centro
269 2063 315 2151 Α,
333 2062 525 2136 intervallo
551 2064 619 2136 AY
643 2062 871 2136 describatur
895 2085 1003 2135 arcus
1029 2060 1158 2133 circuli

80 2232 83 2236 .
113 2197 242 2247 secans
259 2175 327 2249 AO
345 2175 384 2247 in
402 2175 439 2265 d,
457 2187 496 2249 et
513 2176 580 2249 AG
597 2176 634 2248 in
652 2174 693 2249 b:
718 2188 757 2249 et
769 2199 837 2272 per
852 2189 1032 2272 punctum
1050 2174 1079 2246 d
1094 2172 1157 2244 du·

113 2299 220 2361 catur
236 2299 339 2362 reeta
355 2288 407 2362 Ze
423 2287 598 2385 parallela
614 2289 689 2379 GC,
706 2312 836 2362 secans
852 2287 970 2362 Acin
989 2287 1017 2360 Z
1035 2297 1072 2361 et
1090 2286 1158 2360 AG

115 2423 155 2475 m
172 2425 206 2474 e.

163 2512 257 2587 Dico
275 2524 414 2587 rectam
431 2514 481 2586 Ze
498 2514 676 2609 aequalem
694 2537 773 2587 esse
790 2513 891 2587 arcui
909 2512 982 2586 CL.

164 2626 263 2701 Nam
281 2627 512 2715 CG‚YQ‚Zc
537 2638 623 2700 sunt
651 2627 825 2700 continue
852 2625 1158 2722 proportionales.

114 2741 163 2814 Et
183 2739 266 2837 (per
280 2738 543 2813 Archimedem
556 2739 603 2812 dc
615 2737 854 2811 Dimenaione
870 2736 1027 2832 Circuit)
1043 2737 1159 2810 trian-

115 2853 242 2952 gulum
266 2853 533 2949 rectangulum,
552 2853 657 2948 cujus
674 2852 771 2925 latus
795 2875 910 2924 unum
928 2851 1027 2924 circa
1043 2874 1160 2945 angu-

114 2967 192 3040 lum
208 2979 352 3040 reotum
371 2965 510 3063 aequale
528 2975 585 3038 est
610 2964 810 3059 perimetro
837 2963 977 3052 circuli,
1000 2974 1038 3035 et
1063 2963 1161 3035 latus

116 3079 273 3153 alterum
284 3077 425 3175 aequale
438 3078 722 3168 semidiametro,
740 3077 880 3175 aequale
895 3086 951 3151 est
966 3076 1079 3150 totius
1093 3077 1161 3149 cir·

116 3193 190 3267 culi
207 3216 313 3266 nreae.

166 3306 264 3403 Ergo
292 3305 550 3402 rectangulum
578 3305 645 3378 sub
663 3304 953 3400 semiperimetro
980 3314 1020 3377 et
1046 3303 1161 3396 radio,

117 3420 257 3518 aequale
274 3430 330 3493 est
343 3443 439 3493 areae
456 3418 622 3515 ejusdem
639 3417 778 3492 circuli.

167 3534 267 3630 Ergo
284 3532 542 3629 rectangulum
559 3532 627 3606 sub
644 3543 749 3628 parte
767 3543 899 3628 quarta
920 3531 1108 3629 perimetri
1126 3540 1163 3605 et

117 3648 234 3738 radio,
245 3647 385 3744 aequole
403 3656 458 3721 est
475 3669 570 3719 areae
587 3645 808 3719 semicirculi
826 3643 937 3719 BCD.

167 3762 267 3857 Ergo
284 3758 540 3856 rectangulum
558 3758 626 3832 sub
644 3770 775 3831 octava
796 3770 901 3854 parte
920 3756 1109 3853 perimetri
1126 3767 1164 3829 et

118 3875 234 3964 radio,
266 3873 392 3947 idest
422 3872 678 3968 rectangulum
710 3870 778 3943 sub
808 3868 873 3945 AC
900 3880 938 3942 et
967 3893 1057 3943 arcu
1088 3868 1163 3959 CL,

119 3988 259 4086 aequale
277 3997 334 4060 est
351 4011 447 4061 areae
464 3985 678 4085 quadrantis
697 3982 808 4059 ACB.

169 4102 268 4198 Ergo
286 4100 506 4198 quadratum
523 4125 546 4173 a
562 4100 685 4174 media
701 4096 969 4195 proportionali
984 4096 1081 4169 inter
1098 4092 1164 4170 AC

119 4225 158 4287 et
174 4238 301 4289 arcum
319 4212 393 4307 cL,
411 4214 551 4312 aequale
568 4225 626 4288 est
642 4236 738 4287 areae
762 4211 977 4309 quadrantis
1001 4209 1165 4306 ejusdem

121 4324 231 4403 ACB.

1199 620 1283 662 PROP.
1300 618 1332 657 11.

1195 685 1336 724 νῆ’-θ
