2888 4988
276 397 348 463 444
420 410 726 465 unvammans
749 411 798 465 ar
816 409 1181 465 narrocrrrarroun

98 604 242 645 oraxis.
275 589 457 675 punctum
476 580 511 653 A
535 580 583 653 sit
610 580 790 654 terminus
820 579 1082 653 semidiametri
1103 578 1185 671 DA,
1202 603 1226 652 a
1249 603 1327 678 qua
1428 606 1437 627 ·

90 674 233 707 *γι-κ

65 733 188 790 mo,
276 692 496 767 describitur
526 693 823 768 circumferentia
856 692 976 782 ABC,
1004 716 1154 766 necesse
1188 704 1245 767 est
1281 704 1326 767 ut

65 798 228 917 ffitmssss
275 818 456 903 punctum
468 808 503 880 A
516 808 564 881 sit
580 809 618 880 in
636 807 716 904 ipsa
733 805 1038 881 circumferentia.
1083 805 1215 879 Intulit
1232 828 1326 902 ergo

276 920 372 993 hanc
389 920 663 994 conclusionem
677 932 807 995 contra
822 920 939 1016 ipsam
952 918 1116 992 Euclidis
1133 929 1326 992 construe·

278 1034 428 1122 tionem,
451 1034 514 1130 qui
537 1035 711 1131 supponit
735 1032 1075 1130 perpendicularem
1092 1033 1152 1105 Fu
1170 1032 1257 1105 duci
1273 1031 1324 1104 ab

277 1157 443 1220 extremo
472 1158 612 1243 puncto
642 1146 825 1220 diametri.
878 1145 932 1219 At
949 1168 1123 1219 concesso
1141 1155 1325 1242 punctum

274 1260 310 1333 A
326 1283 401 1333 non
419 1282 498 1333 esse
516 1259 554 1332 in
572 1259 880 1349 circumferentia,
899 1257 965 1331 sed
980 1258 1326 1355 perpendicularem

276 1373 335 1446 FE
353 1371 583 1445 solummodo
601 1372 731 1445 radere
749 1371 824 1445 sire
844 1381 997 1468 tangere
1014 1372 1192 1446 circulum
1209 1372 1250 1444 iu
1266 1371 1326 1443 A:

275 1486 346 1558 erit
376 1499 501 1560 tamen
528 1499 708 1582 punctum
733 1487 769 1560 A
791 1500 898 1560 extra
923 1486 1102 1560 circulum
1131 1499 1171 1559 et
1199 1485 1246 1559 ab
1275 1508 1325 1557 eo

274 1598 489 1695 separabile,
507 1623 609 1673 more
639 1599 912 1696 contiguorum.
964 1600 1094 1696 ltaque
1117 1598 1230 1672 ducta
1253 1621 1327 1694 per

274 1713 472 1786 terminum
486 1712 657 1786 diametri
673 1724 777 1786 recta
789 1711 948 1809 quadam
965 1711 1139 1809 parellela
1151 1711 1222 1808 ipsi
1239 1721 1326 1785 tan-

274 1826 377 1922 genti
396 1827 466 1914 Fu,
484 1826 547 1898 illa
564 1825 672 1899 cadet
689 1826 785 1899 inter
803 1836 943 1900 rectam
955 1825 1021 1898 ΑΕ
1039 1838 1078 1898 et
1094 1848 1222 1898 arcum
1239 1824 1324 1915 AB,

275 1951 406 2015 contra
419 1940 771 2014 demonstrationem
788 1939 898 2036 hujus
910 1939 1025 2037 partis
1042 1939 1185 2036 primae.
1236 1939 1325 2012 Per·

275 2054 523 2152 pandiculeris
550 2055 649 2127 enim
678 2055 789 2127 ducta
815 2077 882 2150 per
916 2052 1115 2127 terminum
1149 2052 1326 2126 diametri

277 2193 352 2242 non
381 2168 453 2241 erit
479 2170 558 2265 ipsa
584 2179 739 2264 tangens
756 2168 833 2257 An,
858 2167 923 2241 sed
950 2167 1022 2264 ipsi
1048 2167 1232 2263 parellela,
1250 2189 1325 2238 nec

278 2282 416 2354 secabit
433 2281 624 2372 circulum,
638 2281 703 2354 sed
716 2281 866 2355 habebit
882 2292 1061 2378 punctum
1079 2305 1163 2352 cum
1180 2279 1325 2354 circulo

277 2418 483 2484 commune,
500 2418 632 2490 nempe
650 2393 764 2490 ipsius
781 2394 951 2467 diametri
967 2394 1178 2468 terminum.

327 2506 471 2581 Deinde
488 2508 662 2603 quoniam
688 2507 878 2604 utriusque
901 2505 1121 2581 semicirculi
1142 2516 1229 2579 sunt
1246 2505 1325 2579 duo

276 2622 437 2709 termini,
455 2633 564 2694 erunt
581 2621 619 2693 in
638 2620 780 2693 duobus
797 2620 1035 2694 semicirculis
1052 2620 1249 2716 contiguis,
1272 2619 1325 2693 ad

276 2734 474 2809 terminum
502 2733 684 2819 diametri,
703 2731 776 2806 duo
794 2744 943 2829 puncta.
995 2732 1098 2806 Nihil
1124 2755 1212 2829 ergo
1233 2757 1323 2829 pro-

276 2848 390 2934 hibet,
410 2846 585 2942 quicquid
603 2847 651 2919 sit
667 2857 860 2943 punctum,
878 2845 967 2942 quin
986 2845 1130 2919 duobus
1153 2847 1324 2919 terminis

276 2984 344 3056 pro
374 2984 448 3033 uno
480 2961 646 3057 sumptis,
665 2960 845 3033 diameter
871 2982 1054 3033 unacum
1075 2959 1325 3033 minutissima

275 3084 382 3170 parte
400 3096 506 3147 arcus
527 3075 628 3165 (cum
650 3073 846 3170 plusquam
869 3084 1048 3169 punctum
1064 3071 1157 3146 illud
1172 3096 1325 3169 geome-

275 3199 429 3275 trarum,
447 3186 538 3259 nihil
556 3210 751 3260 commune
776 3187 824 3260 sit
841 3199 954 3261 rectae
970 3185 1264 3283 perpendiculari
1282 3197 1324 3260 et

275 3300 393 3391 arcui)
413 3300 540 3374 haberi
556 3300 698 3397 possint
720 3324 788 3396 pro
811 3299 917 3373 lineis
935 3325 1017 3397 quae
1034 3301 1177 3373 faciunt
1203 3322 1324 3394 angu-

275 3412 352 3486 lum
370 3424 522 3486 rectum.
574 3413 672 3486 Nam
689 3437 799 3487 crura
821 3413 1041 3509 angulorum
1057 3413 1103 3486 de
1120 3412 1246 3510 anguli
1262 3437 1325 3486 es-

275 3526 396 3599 sentia
413 3527 562 3600 omnino
579 3550 654 3599 non
673 3537 784 3600 sunt:
811 3539 850 3599 et
867 3526 919 3599 sic
935 3524 1068 3598 falsum
1085 3548 1231 3622 quoque
1248 3526 1325 3600 erit

276 3639 376 3734 quod
392 3639 431 3711 in
450 3639 559 3711 tertia
579 3650 684 3735 parte
711 3637 1035 3711 demonstrationis
1061 3639 1179 3734 ponit,
1206 3662 1323 3734 angu-

274 3752 351 3825 lum
382 3776 491 3849 quem
516 3753 605 3825 facit
625 3752 937 3848 perpendicularis
965 3774 1049 3823 cum
1071 3775 1171 3840 arcu,
1190 3752 1322 3848 quovis

274 3865 410 3962 angulo
427 3878 537 3938 acuto
556 3865 748 3938 rectilineo
767 3888 845 3937 esse
863 3865 1055 3937 minorem.

325 3979 437 4054 Porro
455 3978 493 4050 in
512 3977 673 4051 secunda
691 3989 728 4049 et
746 3978 856 4050 tertia
872 3990 976 4072 parte
995 3975 1320 4050 demonstrationis

274 4092 326 4163 sic
344 4091 457 4163 dicit:
492 4090 670 4175 Quoniam
687 4098 869 4165 ostensum
886 4098 943 4161 eat
959 4113 1095 4162 omnem
1112 4099 1322 4162 reclames:

274 4205 319 4291 A,
339 4203 485 4276 ductam
512 4203 616 4300 ῥῖψα
639 4200 992 4300 perpendicularem
1009 4202 1086 4289 ΑΕ,
1106 4202 1244 4275 cadere
1262 4203 1320 4275 in-

274 4326 339 4390 tra
356 4315 543 4406 circulum,
560 4317 691 4413 faciet
717 4315 928 4389 necessario
954 4339 1000 4388 ea
1028 4314 1129 4388 linea
1144 4341 1221 4389 cum
1240 4315 1318 4404 AC,
