2888 5002
469 430 805 486 cuomnuaanutt.
1082 419 1155 486 439

111 623 252 698 pason;
279 609 302 674 6
321 610 360 673 et
377 600 401 672 4
418 598 696 673 consonantiam
715 598 911 695 diapente;
930 608 967 672 et
984 597 1155 694 denique,
1188 627 1256 669 cm.
1271 626 1347 667 xvn.

113 718 137 787 4
154 726 193 787 et
212 722 236 786 3
253 713 533 786 consonantiam
552 712 798 785 diatessaron:
825 712 948 785 vocari
965 712 1059 785 solet
1075 713 1156 785 haec
1184 696 1344 817 ὦ

112 826 302 924 proportio
328 825 579 899 harmonica.”
649 826 761 900 Quod
786 827 818 899 si
840 827 894 899 ita
911 824 971 915 sit,
989 849 1057 898 cur
1080 849 1156 899 uon
1182 825 1355 936 fflfflf’·

113 941 227 1013 etiam
244 938 284 1011 in
308 939 366 1012 his
393 940 568 1028 numeris,
586 946 621 1010 6.
638 949 675 1013 3.
691 949 727 1027 2,
742 940 807 1012 ivel
823 941 863 1012 in
879 940 949 1026 his,
969 941 1029 1011 42.
1047 947 1103 1017 12.
1120 942 1156 1028 7,

115 1077 197 1148 quae
214 1052 354 1126 cadunt
371 1052 439 1125 sub
458 1052 614 1125 eandem
631 1051 897 1142 definitionem,
915 1051 1054 1125 eaedem
1072 1062 1162 1151 sunt

114 1164 394 1238 consonantiae?
436 1165 561 1239 Quare
579 1176 704 1236 autem
721 1164 812 1238 facit
828 1164 924 1238 ratio
938 1172 961 1236 6
980 1164 1028 1238 ad
1046 1174 1082 1254 3,
1099 1163 1159 1237 vel

113 1290 234 1351 totum
251 1277 441 1374 quodlibet
458 1277 506 1351 ad
524 1300 631 1350 suum
655 1276 861 1367 dimidium,
880 1277 1159 1351 consonantiam

114 1391 304 1488 diapason,
326 1391 483 1464 nescivit
511 1390 669 1464 Clarius.
734 1391 778 1466 Id
809 1390 907 1463 enim
924 1391 1063 1486 primus
1081 1413 1159 1462 om-

114 1506 217 1578 nium
245 1502 372 1577 docuit
398 1503 583 1593 Galilaeus‚
600 1516 798 1600 postquam
821 1502 968 1576 Clarius
992 1513 1161 1576 mortuus

114 1629 223 1690 esset.
276 1618 398 1713 Nugae
415 1639 526 1690 merae
543 1630 631 1690 sunt
647 1617 797 1689 homine
815 1616 1078 1689 mathematico
1102 1617 1161 1689 iu-

115 1731 250 1828 dignae.
385 1721 392 1786 ἶ

167 1845 360 1918 Hactenus
379 1845 425 1918 de
443 1842 633 1941 principiis
650 1841 825 1916 Euclidis.
870 1842 1043 1938 Sequitur
1060 1841 1161 1937 prin-

115 1957 253 2054 cipium
264 1957 378 2047 aliud,
392 1957 549 2053 quibus*
561 1966 716 2029 utuntur
727 1954 837 2029 hodie
850 1967 1064 2052 geometrae,
1075 1954 1160 2028 tale.

506 2399 611 2475 CAP.
629 2401 773 2475 XVIII.

120 2577 174 2629 nu
206 2574 362 2627 nsnrcu
395 2575 621 2629 uumnnrcn
654 2577 705 2629 uu
737 2576 899 2629 tsrnnu
936 2577 1164 2638 ooananrr.

121 2708 164 2780 St
180 2705 351 2804 quadrati
366 2706 439 2780 duo
457 2707 575 2781 latera
586 2708 763 2804 angulum
776 2719 918 2781 rectum
939 2710 1167 2784 continentia

123 2819 239 2893 divisa
264 2821 414 2910 fuerint,
430 2833 627 2918 utrumque
639 2822 679 2895 iu
692 2822 874 2918 quotlibet
886 2833 1010 2919 partes
1027 2825 1168 2919 magni·

118 2933 248 3007 tudine
278 2944 316 3007 et
343 2958 498 3008 numero
526 2936 697 3032 aequales,
729 2959 978 3033 numerusque
1005 2937 1166 3033 partium

117 3048 227 3120 unius
237 3047 363 3120 lateris
376 3049 641 3147 multiplicatus
655 3050 704 3123 sit
718 3072 786 3146 per
798 3072 994 3123 numerum
1005 3050 1167 3146 partium

119 3160 289 3234 alterius:
316 3160 355 3234 id
378 3173 446 3253 est,
465 3164 494 3236 si
518 3163 592 3237 duo
617 3163 671 3236 illi
697 3163 842 3237 numeri
859 3162 1020 3260 aequales
1044 3163 1168 3236 multi-

120 3274 307 3371 plicentur
316 3274 415 3348 inter
426 3298 481 3348 sa:
496 3274 615 3349 factus
626 3275 696 3349 erit
707 3299 882 3349 numerus
890 3275 1167 3373 quadratorum,

121 3410 278 3482 quorum
308 3387 427 3461 latera
451 3399 537 3462 sunt
565 3389 719 3485 singulae
746 3400 871 3486 partes
898 3389 1024 3463 lateris
1054 3391 1169 3465 totius

122 3499 303 3597 quadrati.
372 3501 541 3598 Exempli
570 3503 709 3600 gratia:
735 3503 767 3576 si
796 3502 967 3600 quadrati
996 3504 1094 3577 latus
1120 3504 1169 3578 sit

120 3614 274 3709 longum
291 3622 361 3689 100
371 3615 496 3711 pedeS,
510 3616 804 3714 multiplicentur
821 3627 946 3690 autem
969 3624 1039 3691 100
1057 3617 1169 3713 pedes

121 3749 189 3822 per
215 3749 410 3799 numerum
437 3737 519 3815 100,
546 3729 645 3803 unde
672 3730 793 3804 factus
821 3731 893 3803 erit
923 3729 1045 3805 decies
1069 3731 1168 3804 mille

121 3838 255 3936 pedes:
270 3852 391 3928 eruut,
405 3853 447 3915 ut
459 3841 513 3914 illi
527 3854 730 3934 assumunt,
744 3843 798 3916 illi
811 3843 933 3917 decies
946 3842 1170 3939 millepedas

122 3951 281 4026 totidem
305 3952 498 4050 quadrata,
517 3979 675 4050 quorum
697 3957 986 4053 uuiuscujusque
1008 3956 1104 4031 latus
1122 3956 1171 4028 sit

122 4090 218 4139 onus
234 4090 324 4163 pcs;
350 4076 389 4139 et
413 4065 535 4141 decies
553 4069 652 4142 mille
669 4069 782 4166 pedes
805 4070 1037 4166 longitudine
1063 4070 1172 4142 simul

124 4191 290 4277 sumptos
326 4180 485 4276 aequales
520 4205 597 4255 esse
632 4184 703 4256 toti
739 4183 932 4281 quadrato.
996 4183 1173 4257 Similiter

443 4396 459 4434 *
477 4394 527 4455 Sic
540 4396 609 4456 edit.
630 4399 705 4456 1666
720 4407 749 4457 et
766 4400 851 4456 1668.
