2888 4988
114 1047 183 1088 ΟΔΡ.
198 1048 265 1088 xm.

297 398 370 463 422
439 411 493 463 DE
513 411 816 465 Putamus-ur
834 409 1198 464 uurtoctuurlouu

699 727 803 801 CAP.
834 727 942 801 XIII.

560 912 612 964 nu
632 911 858 966 astronom
878 911 1079 965 cruento.

300 1029 526 1103 Dnmurmo
563 1028 706 1102 decima
741 1028 1073 1126 irreprehensibilis
1107 1040 1176 1113 est,
1210 1048 1351 1122 nempe

126 1175 256 1218 monum
298 1142 400 1215 haec:
446 1140 536 1214 Cum
560 1151 679 1214 autem
713 1150 790 1214 tres
819 1141 1095 1241 magnitudines
1116 1139 1350 1238 proportio-

140 1252 152 1282 ⁰
178 1254 198 1283 ⁰·
299 1254 585 1351 nalesfuerant‚
599 1255 725 1350 prima
743 1255 797 1328 ad
809 1257 960 1329 tertiam
976 1253 1208 1353 duplicatam
1225 1251 1352 1325 ratio·

298 1392 377 1441 nem
393 1366 532 1440 trabere
550 1366 692 1440 dicitur
709 1369 791 1461 ejus
804 1392 914 1464 qaam
930 1367 1042 1441 habet
1058 1366 1114 1440 ad
1123 1365 1349 1439 secandam:

298 1491 341 1554 at
359 1505 438 1553 cnm
456 1489 617 1577 quatuor
637 1479 912 1577 magnitudines
929 1477 1234 1578 proportionales
1247 1477 1351 1574 frte-

297 1594 385 1683 rint,
414 1593 544 1692 prima
578 1591 633 1665 ad
675 1603 850 1690 quartam
890 1594 1122 1692 triplicatam
1160 1592 1350 1664 rationem

297 1704 436 1779 labne
454 1706 594 1779 dicitur
611 1705 692 1801 ep‘as
708 1730 817 1802 quam
834 1703 945 1779 labet
970 1705 1025 1779 ud
1049 1703 1278 1778 secundum:
1305 1713 1349 1778 et

298 1842 443 1916 semper·
461 1819 649 1916 deinceps,
667 1842 737 1892 uno
756 1816 918 1915 anplius
943 1818 1120 1916 quamdin
1139 1816 1349 1914 proportio

299 1932 481 2006 extiterit.

348 2047 415 2119 Est
437 2056 560 2119 eutem
585 2043 684 2141 qnod
706 2042 925 2140 reprehendi
953 2055 1075 2139 potest
1101 2056 1139 2117 et
1166 2043 1280 2117 debet
1302 2043 1348 2116 in

299 2158 527 2254 expositione
544 2158 653 2254 hujus
671 2155 893 2230 definitionis
919 2155 1019 2252 apud
1043 2157 1225 2230 Cluvium.
1280 2157 1348 2231 Sic

300 2271 398 2343 enim
425 2269 577 2343 scribit:
614 2274 637 2308 “
650 2268 874 2365 Interpretes
891 2269 1058 2343 nonnulli
1087 2269 1269 2365 colligunt
1295 2293 1348 2343 ex

298 2385 368 2457 hac
394 2383 618 2471 delinitione,
637 2383 668 2456 si
693 2395 947 2479 proponantur
971 2383 1094 2479 plures
1112 2383 1346 2480 quantitates

296 2497 473 2570 continue
483 2495 786 2594 proportionales,
797 2497 1073 2592 proportionem
1083 2497 1213 2592 primae
1224 2518 1348 2591 quun-

299 2612 416 2684 titatis
433 2612 480 2683 ad
507 2612 655 2684 tertiam
672 2634 751 2683 esse
769 2608 918 2705 duplam
942 2610 1189 2706 proportionis
1212 2609 1347 2706 prImae

300 2724 515 2821 quantitatis
532 2724 580 2796 ad
603 2724 813 2810 secundam,
840 2746 884 2794 eo
909 2721 1009 2817 quod
1038 2723 1210 2796 Euclides
1238 2721 1344 2795 illam

300 2850 407 2910 vocet
442 2836 666 2931 duplicatam
698 2835 975 2932 proportionem
1008 2835 1129 2932 hujus.
1197 2836 1344 2909 Eodem

301 2950 408 3024 modo
430 2949 571 3036 volunt,
594 2949 868 3045 proportionem
895 2947 1024 3043 primae
1049 2949 1265 3045 quantitatis
1293 2949 1344 3023 ed

301 3074 481 3160 quartam,
512 3085 590 3134 esse
624 3061 771 3157 triplam
805 3061 1054 3157 proportionis
1084 3085 1192 3157 quem
1227 3062 1343 3136 habet

301 3178 420 3273 prima
441 3177 625 3271 quantitas
648 3175 697 3248 ad
720 3174 931 3264 secundam,
955 3186 1027 3249 etc.
1080 3174 1192 3250 Quod
1217 3190 1344 3249 tamen

302 3289 403 3361 nulla
420 3300 474 3361 est
492 3288 634 3363 ratione
651 3289 940 3363 concedendum.
1002 3289 1133 3385 Neque
1151 3289 1249 3363 enim
1268 3291 1344 3363 Eu-

303 3401 415 3474 clides
426 3402 496 3474 hoc
508 3402 714 3498 significare
731 3402 858 3491 voluit,
870 3402 935 3476 sed
946 3401 1073 3474 docuit
1085 3404 1343 3477 tantummodo

303 3516 577 3612 proportionem
594 3516 721 3611 primae
738 3515 957 3612 quantitatis
975 3515 1023 3588 ad
1041 3516 1199 3604 tertiam,
1217 3517 1345 3614 appel-

303 3628 371 3702 lari
382 3629 604 3724 duplicatam
623 3631 701 3726 ejus
714 3629 962 3725 proportionis
979 3653 1088 3726 quam
1099 3629 1211 3703 habet
1223 3631 1346 3726 prima

304 3743 490 3838 quantitas
508 3742 555 3816 ad
574 3742 771 3815 secundam
786 3774 795 3826 ;
822 3756 1018 3839 propterea
1034 3743 1133 3840 quod
1155 3744 1252 3817 inter
1269 3746 1345 3842 pri-

305 3880 403 3927 mam
435 3857 676 3951 quantitatem
707 3880 751 3928 ac
780 3858 928 3929 tertiam
959 3857 1141 3954 reperitur
1166 3857 1345 3955 quodam-

295 3969 415 4042 modo
432 3969 623 4065 proportio
637 3969 765 4064 primae
778 3971 996 4065 quantitatis
1007 3971 1054 4044 ad
1065 3973 1264 4046 secundam
1276 3973 1346 4047 du-

304 4083 464 4179 plicata;
484 4083 626 4178 ‘quippe
643 4105 728 4153 cum
752 4084 850 4156 inter
866 4085 1022 4181 primam
1039 4086 1282 4181 quantitatem
1301 4113 1345 4161 ac

305 4196 453 4268 tertiam
471 4196 753 4291 interponantur
771 4196 853 4270 duae
871 4199 1126 4294 proportiones
1139 4199 1298 4295 tequales
1311 4203 1346 4276 ei

305 4308 547 4404 proportioni,
566 4333 674 4405 quem
689 4309 801 4383 hebet
814 4310 933 4406 prima
945 4311 1134 4406 quantitas
1151 4311 1199 4384 ud
1216 4337 1346 4388 secun-
