2888 4988
276 387 349 454 464
419 401 474 453 DE
493 399 725 453 uniuersus
746 401 797 453 ΕΤ
816 399 1183 453 ΒΔΤῙΟΟῙΝΑΤῙΟΝΕ

77 598 146 642 cm.
159 598 249 641 xxm.
276 569 380 658 tium,
395 579 432 643 et
446 568 649 641 secantium
662 566 850 641 calamitas
863 567 1076 665 geometriae
1090 590 1233 664 nupera
1252 576 1325 640 est.

63 668 232 783 ιιιῖιᾙιῖᾇ
277 683 352 759 Qui
364 683 556 757 subtensas
572 692 609 753 et
622 681 916 769 semisubtensas,
932 699 1014 776 quae
1027 706 1125 756 nunc
1138 692 1328 755 vocantur

63 791 264 908 ffffiffi
276 795 550 869 dimidiatarum
563 817 714 867 arcuum
728 794 840 885 sinus,
848 793 988 867 calculo
1000 795 1140 890 primus
1150 793 1326 891 subjecit,

63 925 105 965 ω
274 909 344 982 fuit
362 908 594 982 Ptolomaeus
630 907 758 979 Sinum
776 930 957 1001 nusquam
975 906 1153 1004 scriptum
1170 907 1325 981 invenio

275 1021 722 1119 anteRegiomontanum:
737 1019 895 1116 quivero
909 1020 1051 1094 tabulas
1066 1020 1223 1111 sinuum,
1236 1033 1325 1094 tan-

273 1136 453 1232 gentium,
471 1147 510 1209 et
527 1134 731 1209 secantium
748 1134 881 1231 quibus
906 1133 1057 1225 utimur,
1074 1135 1215 1231 primus
1231 1157 1324 1208 con-

275 1247 380 1337 didit,
397 1248 470 1321 fuit
489 1248 648 1322 Clarius.

325 1361 507 1450 Secundo,
532 1372 663 1434 notatu
688 1360 927 1457 dignumst,
946 1385 1093 1435 causam
1110 1360 1209 1457 quod
1227 1385 1325 1457 qua-

275 1473 425 1548 dratura
439 1472 578 1562 circuli,
585 1473 716 1547 divisio
728 1472 894 1563 rationis,
901 1474 1045 1570 aliaque
1060 1474 1324 1570 pulcherrima,

274 1587 341 1662 sed
355 1586 568 1661 difficillima
579 1587 791 1683 geometriae
808 1586 1038 1684 problemata
1051 1599 1129 1660 tam
1141 1586 1206 1661 din
1221 1587 1322 1661 latn-

274 1712 394 1791 erunt,
424 1701 464 1774 in
497 1700 569 1773 illis
595 1700 685 1797 ipsis
716 1722 794 1772 esse
824 1698 1196 1774 demonstrationibus
1225 1725 1323 1797 quas

275 1826 449 1912 cogentes
474 1837 553 1888 esse
578 1813 794 1910 praedicant.
847 1812 960 1887 Primi
986 1813 1150 1886 omnium
1175 1814 1321 1888 Arabes

275 1929 494 2002 invenerunt
512 1926 733 2023 quadratum
753 1924 968 2022 quadrantis
994 1926 1181 2022 perimetri
1205 1927 1321 2002 decu-

275 2041 377 2139 plum
399 2064 479 2114 esse
497 2039 668 2137 quadrati
685 2064 709 2112 a
725 2037 939 2112 semiradio:
966 2039 1066 2136 quod
1086 2039 1155 2113 etsi
1170 2042 1321 2114 verissi-

275 2176 377 2225 mum
410 2153 470 2242 sit,
506 2151 711 2225 confutavit
744 2173 810 2247 per
849 2151 1115 2225 extractionem
1148 2153 1320 2228 radicum

274 2266 460 2342 Johannes
491 2264 818 2361 Regiomontauus,
848 2264 911 2360 qui
926 2263 1040 2363 idem
1070 2289 1147 2339 esse
1172 2269 1321 2364 putavit

275 2379 445 2477 quadrati
460 2379 557 2452 latus
582 2390 620 2451 et
644 2378 788 2451 numeri
805 2376 976 2475 quadrati
992 2378 1166 2453 radicem.
1218 2380 1320 2454 Audi

275 2492 396 2589 ipsum
421 2491 848 2588 Regiomontanumz—“
859 2492 1000 2565 Arabes
1025 2492 1113 2565 olim
1139 2492 1320 2566 circulum

276 2606 456 2703 quadrare
469 2603 636 2701 polliciti,
651 2603 714 2676 ubi
731 2602 1038 2678 circumferentiae
1050 2628 1126 2678 suae
1139 2605 1320 2701 aequalem

273 2730 415 2791 rectam
432 2715 719 2812 descripsissent,
736 2714 832 2787 hanc
857 2717 1142 2810 pronuntiavere
1168 2728 1319 2791 senten-

273 2831 385 2905 tiam:
413 2829 458 2903 δι’
476 2828 609 2903 circuli
626 2828 809 2901 diameter
819 2827 950 2924 fuerit
969 2838 1010 2902 at
1026 2855 1143 2920 unum,
1161 2828 1319 2903 circum-

259 2939 993 3042 sereatiaejuaeritntrodiadcdecem.
1028 2942 1121 3017 Quae
1133 2944 1319 3017 sententia

276 3081 360 3130 cum
373 3058 421 3130 sit
431 3080 596 3144 erronea,
608 3053 918 3152 quemadmodum
931 3056 1019 3128 alibi
1030 3056 1318 3152 explanavimus,

274 3194 432 3268 cumque
445 3193 618 3243 numeros
636 3168 850 3242 introducat
862 3169 1193 3243 rectilineationem
1207 3171 1318 3243 effec-

274 3295 389 3373 turos,
407 3282 551 3357 numeri
575 3283 646 3379 ipsi
671 3283 710 3356 in
735 3282 805 3355 hoc
830 3283 978 3379 negotio
1007 3294 1093 3356 sunt
1119 3284 1317 3379 suspecti.”

275 3396 374 3470 Olim
407 3419 508 3492 ergo,
539 3408 581 3469 ut
614 3394 730 3484 vides,
761 3395 977 3493 magnitudo
1008 3395 1137 3469 circuli
1165 3396 1318 3491 cognita

273 3509 414 3596 fuisset,
448 3509 520 3581 nisi
553 3509 780 3583 obstitissent
814 3533 896 3605 quae
930 3534 953 3582 a
985 3509 1183 3606 geometris
1217 3533 1318 3583 nunc

273 3622 445 3721 cogentia
468 3623 710 3718 appellantur.
762 3622 902 3696 Iterum
930 3623 1101 3696 doctrina
1125 3624 1204 3696 haec
1222 3624 1316 3696 Ara-

273 3737 363 3809 bum
387 3735 557 3831 apparuit
576 3759 599 3807 a
616 3735 817 3830 Scaligero,
844 3746 957 3831 atque
980 3736 1115 3808 iterum
1136 3734 1316 3831 disparuit

274 3849 425 3946 expulsa
441 3848 644 3921 exorcismo
662 3848 906 3921 convitiorum
923 3873 946 3921 a
965 3848 1106 3921 Clavio.
1150 3849 1224 3923 Sed
1241 3863 1317 3922 ter-

273 3964 366 4037 tium
383 3986 482 4036 nunc
499 3984 691 4058 apparens
709 3960 820 4035 docta
839 3962 917 4058 jam
933 3963 1154 4037 exorcismos
1172 3975 1209 4036 ct
1227 3987 1316 4036 cou-

273 4074 362 4149 vitia
379 4086 626 4163 contemnere,
645 4097 832 4171 nunqnam
849 4086 940 4171 puto
959 4076 1138 4169 abigetur.

322 4188 479 4261 Notabis
511 4199 692 4284 praeterea
725 4189 972 4262 convitiorum
1006 4213 1146 4262 causae.
1204 4190 1315 4264 Quod

273 4301 499 4398 scaligerum
518 4303 679 4392 ClaviuS,
698 4303 894 4376 Orontium
913 4315 952 4377 et
969 4303 1313 4400 Longomoutauum
