2888 5002
379 430 658 485 raoaurmara
677 433 868 488 caraios.
1070 415 1143 494 ³17

107 595 153 669 de
180 596 283 670 obice
310 599 438 672 oceani
463 623 596 695 aquam
630 600 854 696 impediente
883 625 930 674 ne
955 600 1145 696 procedat,

107 709 174 782 sed
215 720 433 802 revertatur,
476 712 627 786 memini
667 713 798 810 legisse
838 737 898 787 me
931 713 1065 787 alicubi
1107 714 1146 787 in

108 822 253 918 scriptis
270 823 486 899 cancellarii
504 827 670 901 Baconis.

160 936 208 1009 B.
236 936 293 1010 Ita
312 949 393 1010 est:
420 939 485 1013 sed
516 952 638 1013 motus
665 963 768 1035 aquae
796 962 943 1012 causam
970 937 1147 1013 adscribit

108 1050 226 1124 motui
244 1051 376 1125 diurno
392 1052 501 1149 primi
518 1053 672 1141 mobilis,
699 1052 762 1148 qui
789 1064 911 1126 motus
934 1051 1044 1149 primi
1071 1076 1146 1125 mo·

108 1163 203 1251 bilis,
218 1188 302 1237 cum
320 1166 369 1237 sit
385 1166 423 1237 in
441 1165 577 1239 circulo
596 1167 700 1262 cujus
718 1176 885 1239 centrum
903 1177 959 1238 est
977 1176 1146 1238 centrum

109 1289 230 1364 terre,
248 1277 452 1375 propellere
474 1302 606 1374 aquam
628 1300 703 1351 non
720 1289 853 1374 potest.
904 1277 1028 1351 Etiam
1047 1277 1148 1351 Gali-

108 1389 187 1463 leus
219 1414 366 1464 causam
391 1404 545 1465 aestuum
570 1393 703 1466 horum
724 1402 833 1465 terrae
861 1392 977 1465 motui
1000 1390 1148 1464 cuidam

109 1502 305 1577 adscribit:
332 1528 441 1600 quem
465 1516 605 1578 motum
628 1515 728 1577 terra
754 1503 889 1578 habere
912 1529 986 1578 non
1010 1514 1147 1601 potest,

109 1616 180 1689 nisi
201 1617 267 1704 sol,
291 1630 401 1706 terra,
423 1629 461 1690 et
484 1617 571 1690 luna
596 1616 713 1691 solido
738 1616 859 1712 aliquo
886 1616 1033 1690 vinculo
1060 1639 1148 1689 con-

108 1741 358 1821 necterentur,
372 1743 546 1827 tanquam
559 1731 598 1803 in
610 1730 698 1804 fune
715 1729 875 1825 pendulo
893 1729 1049 1803 totidem
1062 1727 1147 1825 pilae

109 1842 302 1939 plumbeae.

533 2247 636 2320 CAP.
663 2247 732 2320 111.

366 2419 646 2472 anonumum
665 2419 720 2471 DE
739 2417 893 2470 VACUO.

164 2534 213 2608 A.
240 2535 301 2608 Au
315 2536 541 2631 probandam
551 2536 710 2609 universi
722 2534 999 2632 plenitudinem,
1010 2535 1150 2607 nullum

112 2648 247 2721 nostin’
265 2661 523 2744 argumentum
542 2649 704 2745 cogens?

166 2760 215 2833 B.
243 2761 321 2834 lmo
349 2762 477 2835 multa.
535 2762 660 2835 Unum
690 2772 816 2834 autum
843 2759 1000 2833 sufficit:
1031 2782 1077 2831 ex
1106 2782 1150 2831 eo

114 2885 312 2969 sumptum,
341 2874 440 2970 quod
466 2876 539 2949 duo
569 2898 724 2972 corpora
748 2874 870 2971 plana,
901 2872 932 2945 si
959 2896 998 2946 se
1024 2882 1152 2943 mutuo

113 2987 316 3061 secundum
329 2988 521 3061 amborum
534 2987 725 3085 planitiem
740 3009 972 3060 communem
986 2993 1151 3080 tangant,

113 3125 191 3174 non
216 3100 324 3174 facile
347 3101 385 3174 in
412 3101 573 3175 instante
603 3100 725 3174 divelli
752 3109 926 3197 possuut;
953 3097 1154 3172 successive

113 3236 203 3285 vero
237 3213 418 3286 facillime.
482 3214 569 3287 Non
603 3214 685 3287 dico
719 3211 941 3309 impossibile
971 3235 1050 3285 esse
1081 3209 1155 3283 duo

115 3325 312 3398 durissima
340 3350 524 3400 marmora
552 3326 605 3399 ita
634 3325 859 3399 cohaerentia
876 3324 1060 3413 divellere,
1091 3322 1157 3396 sed

116 3437 287 3521 difficile;
314 3449 353 3510 et
373 3439 447 3512 vim
471 3439 657 3535 postulare
680 3450 834 3527 tantam,
859 3449 997 3533 quanta
1024 3437 1157 3511 sufficit

115 3550 166 3624 ad
195 3550 366 3624 duritiem
392 3550 523 3647 lapidis
548 3549 801 3647 superandam.
853 3549 1042 3647 Siquidem
1068 3573 1156 3623 vero

115 3665 255 3759 majore
272 3663 309 3736 vi
326 3663 373 3736 ad
390 3665 658 3761 separationem
676 3687 767 3759 opus
791 3663 839 3736 sit
862 3687 971 3759 quam
996 3665 1059 3736 illa
1085 3686 1158 3759 qua

115 3788 312 3850 moventur
329 3791 508 3874 separata,
519 3777 560 3851 id
570 3778 715 3875 signum
734 3785 878 3849 estnon
896 3776 976 3850 dari
988 3800 1156 3850 vacuum.

168 3887 214 3963 A.
242 3890 472 3964 Assertiones
513 3891 586 3964 illae
627 3889 938 3963 demonstratione
975 3888 1155 3983 indigent.

118 4002 240 4076 Primo
258 4015 381 4076 autem
400 4004 551 4077 ostende
569 4002 752 4100 quomodo
770 4025 815 4075 ex
833 4001 989 4075 duorum
1007 3998 1157 4072 durissi-

117 4140 263 4189 morum
281 4140 476 4213 corporum
494 4118 773 4213 conjunctorum
798 4113 846 4187 ad
870 4111 1079 4209 superficies
1097 4134 1157 4183 ex·

118 4229 251 4325 quisite
268 4230 378 4302 laeves
403 4229 646 4327 diremptione
669 4227 820 4315 difficili,
849 4226 1015 4322 sequitur
1040 4221 1157 4320 pleni-

117 4341 210 4416 tudo
228 4342 368 4417 mundi.

1197 627 1265 669 ΟΔΡ.
1280 627 1313 669 11.

1187 695 1330 730 -rv

1192 754 1226 799 De
1236 754 1326 799 reatibus

1194 819 1290 864 marinis
