2888 5002
390 452 571 506 cnssrro
591 451 785 520 sunnam,
805 449 893 504 nnc.
1078 433 1151 502 509

107 641 198 715 ergo
217 630 372 717 utraque
389 621 470 695 haec
487 620 677 718 aeqnalitas
701 621 754 695 ita
778 619 972 695 manifeste
1000 618 1152 691 demon·
1171 643 1213 684 ao
1228 641 1313 684 raon.
1328 640 1348 682 1.

108 742 238 820 strata,
262 745 306 805 ut
331 756 354 806 a
376 734 524 807 nemine
550 757 714 831 unquam
740 732 942 807 refellenda
970 732 1036 805 sit:
1072 743 1152 804 tum
1191 709 1336 749 ῳ

107 846 310 943 propositio
338 846 416 943 ipsa
432 848 563 944 prima,
581 858 661 921 tum
682 859 878 944 utrumque
903 848 982 943 ejus
998 845 1153 917 corolla-

108 958 205 1032 rium
223 958 260 1031 in
278 970 361 1032 tuto
378 972 475 1035 suut.
527 960 762 1056 Objectiones
780 961 859 1055 ejus
872 970 1002 1032 contra
1019 981 1152 1054 propo-

108 1071 280 1144 sitionem
297 1073 494 1147 secundam
520 1072 744 1161 differamus
761 1082 803 1145 ut
826 1071 873 1146 ad
897 1083 1050 1145 caeteras
1075 1071 1154 1167 ejus

110 1185 335 1280 objectiones
352 1210 434 1283 quae
459 1186 507 1261 ad
530 1187 643 1284 plana
669 1186 869 1283 pertinent,
892 1184 1069 1259 continue
1097 1207 1153 1257 re-

113 1297 372 1394 spondeamus

379 1539 436 1592 An
456 1539 804 1592 PROPOSITIONEM
824 1539 888 1591 111.

162 1655 301 1730 Contra
317 1656 413 1729 hanc
430 1657 572 1753 objicit,
589 1657 718 1730 falsam
744 1679 822 1729 esse
845 1664 1041 1752 propterea
1057 1654 1156 1751 quod

112 1767 236 1842 habam
253 1768 489 1842 contraxerit
510 1793 558 1841 ea
578 1792 696 1867 prop.
713 1769 725 1841 i
740 1795 754 1840 .·
781 1791 970 1840 assumens
988 1767 1156 1864 quadru-

114 1891 188 1955 tam
205 1880 254 1954 ab
270 1882 342 1956 ΥΩ
358 1879 500 1978 aequale
516 1905 599 1954 esre
615 1881 819 1979 quadranti
836 1881 944 1955 ACB.

162 1994 278 2094 Reap.
322 1995 506 2070 Quoniam
536 2018 625 2090 ergo
655 1995 708 2068 ita
737 1995 835 2068 clare
864 1994 1156 2067 demonstratum

114 2118 184 2197 est,
197 2121 240 2182 ut
260 2108 420 2181 dubitari
438 2107 594 2204 amplius
607 2131 682 2180 non
700 2108 817 2203 possit
835 2108 923 2203 quin
938 2107 1157 2202 quadratum

113 2221 162 2294 ab
179 2221 251 2297 ΥΩ
279 2221 418 2317 aequale
445 2221 494 2294 sit
511 2220 719 2318 quadranti,
743 2221 945 2318 propositio
970 2222 1050 2294 haec
1073 2244 1158 2293 cnm

113 2358 181 2409 sua
196 2334 510 2410 demonstratione
524 2334 625 2408 salva
641 2346 709 2406 est.

380 2611 436 2663 AD
461 2608 809 2664 Pnonoslnlonnur
837 2609 893 2660 lv.

168 2739 270 2828 Ruit,
288 2739 420 2836 inquit,
437 2741 640 2838 propositio
664 2740 744 2812 haec
762 2754 894 2834 quarta
916 2760 1001 2812 cum
1026 2760 1160 2832 praece·

117 2851 240 2940 dente,
259 2876 304 2925 ex
321 2876 395 2949 qna
411 2852 595 2948 dependet
609 2883 619 2935 3
647 2851 744 2924 sicut
761 2863 800 2923 et
817 2850 1051 2924 corollarium
1070 2851 1160 2945 ejus

168 2964 398 3062 Respondeo,
416 2989 541 3038 veram
558 2989 648 3061 ergo
665 2988 744 3037 esse
761 2975 841 3037 tum
858 2965 1160 3060 propositionem,

118 3087 197 3149 tum
224 3077 459 3151 corollarium
482 3080 580 3176 ejus:
616 3078 703 3175 qnia
727 3076 928 3175 propositio
951 3075 1162 3172 praecedens

118 3202 244 3265 manet
260 3192 490 3265 inconcussa.

398 3428 454 3481 An
474 3428 823 3482 PROPOSITIONEM
843 3428 882 3479 V.

171 3555 464 3652 Propositionem
482 3558 579 3632 hanc
597 3559 777 3655 quintam,
796 3581 929 3654 nempe
947 3558 1010 3640 Za,
1029 3554 1096 3644 aL,
1109 3553 1164 3642 eb,

120 3669 197 3742 sire
214 3669 289 3759 AZ,
305 3669 374 3759 ΑΙι,
388 3671 455 3759 Ac,
473 3694 552 3744 esse
569 3670 744 3744 continue
761 3668 1065 3767 proportionales,
1080 3691 1165 3740 con·

120 3780 220 3855 cedit
237 3805 316 3855 esse
332 3806 469 3856 reram.

172 3898 413 3973 Corollarium
439 3911 563 3974 autem
589 3909 786 3994 utrumque
814 3910 937 3994 negat.
998 3896 1165 3970 Quorum

121 4010 281 4108 primum
304 4025 373 4103 est,
397 4022 541 4086 rectam
565 4014 637 4088 ΑΟ
653 4012 832 4111 aqualem
857 4035 940 4085 aare
963 4008 1089 4106 daploe
1105 4009 1162 4082 eb.

119 4167 128 4193 ι
172 4125 410 4199 Manifestum
437 4135 494 4198 est
523 4125 743 4223 quadratum
763 4126 810 4199 ab
827 4122 885 4198 Ab
909 4122 1062 4220 duplum
1085 4146 1165 4196 esse

123 4238 292 4334 quadrati
319 4239 366 4312 ab
393 4239 462 4328 Aa,
491 4238 548 4311 vel
578 4237 648 4324 ab3
684 4238 749 4312 sed
776 4235 995 4334 quadratum
1029 4236 1075 4308 ab
1106 4231 1166 4309 Ab

124 4351 262 4447 aequale
275 4366 330 4426 est
347 4351 527 4449 quadrato
546 4351 592 4424 ab
610 4352 688 4425 AY.
726 4352 792 4425 Est
806 4361 928 4426 autern
946 4349 1166 4447 quadratum
