2888 4988
98 607 167 645 cAP.
183 606 212 645 v·

83 674 228 708 »η’-α

101 731 136 776 De
145 733 204 776 duro

105 801 129 840 st
138 796 206 842 molli.

270 398 343 465 340
544 410 822 464 nnonnnmnus
842 408 1034 463 nnrsros.

270 601 403 675 quores
419 589 459 651 et
473 579 573 652 succi
587 578 722 651 diversi
734 578 798 672 qui
812 576 976 650 indurari
989 587 1155 672 possunt.
1193 574 1314 648 Causa

269 703 394 765 autem
420 715 504 788 quae
529 715 576 765 ex
600 715 676 765 non
704 690 806 764 duris
833 690 924 763 dura
949 690 1062 763 efficit
1083 688 1314 776 universalis,

269 805 342 878 alia
366 816 457 900 puto
483 827 562 878 esse
589 828 665 877 non
687 814 811 901 potest
828 813 964 899 praeter
981 813 1124 876 motum
1141 801 1314 897 aliquem,

269 941 347 991 non
363 918 489 1007 totius,
502 916 567 990 sed
580 917 744 1013 partium
759 916 1006 1005 minimarum,
1018 926 1057 989 et
1073 916 1176 989 illum
1194 915 1316 1011 ipsum

269 1053 379 1126 quem
393 1029 481 1104 dixi.
526 1029 636 1112 Quod
654 1029 686 1103 si
704 1029 787 1126 quis
803 1040 947 1102 motum
964 1029 1077 1102 alium
1091 1028 1199 1122 (nihil
1216 1026 1316 1100 enim

270 1153 436 1216 mutatur
452 1143 524 1216 nisi
540 1166 607 1237 per
623 1141 780 1234 motum)
807 1140 856 1214 ad
873 1142 972 1215 hunc
989 1142 1161 1215 effectum
1178 1139 1318 1237 produ«

271 1255 431 1329 cendum
460 1255 724 1351 excogitaverit
751 1253 945 1350 aptiorem,
971 1268 1009 1327 et
1035 1253 1314 1328 monstraverit:

271 1369 319 1442 ad
336 1369 433 1442 illius
451 1369 673 1442 sententiam
690 1367 808 1441 libens
827 1368 1013 1442 accedam.

321 1479 368 1556 A.
396 1482 539 1555 Scimus
565 1505 698 1579 aquam
724 1480 959 1554 indurescere
985 1481 1098 1555 etiam
1116 1481 1257 1568 oceani,
1276 1481 1316 1553 in

270 1594 438 1692 partibus
454 1618 531 1668 non
546 1594 702 1668 nimium
718 1594 869 1668 remotis
883 1618 907 1667 a
920 1594 1049 1668 mundi
1061 1595 1167 1692 polis.
1207 1592 1316 1669 Unde

272 1706 348 1782 sit?

321 1820 373 1892 B.
399 1818 509 1892 Nosti
537 1818 652 1892 solem
676 1819 815 1893 versari
842 1843 987 1917 semper
1015 1820 1115 1894 intra
1141 1820 1317 1916 tropicos,

271 1955 469 2029 aeremque
486 1955 509 2005 a
526 1955 565 2006 se
582 1956 727 2030 semper
755 1933 814 2015 (nt
842 1933 1114 2030 supposuimus)
1135 1957 1159 2006 a
1174 1955 1214 2006 se
1230 1932 1317 2028 reji-

272 2069 369 2135 cere,
383 2056 495 2140 atque
513 2044 625 2118 etiam
641 2046 740 2120 idem
757 2046 879 2121 faeere
898 2059 1046 2121 terram.
1090 2046 1220 2143 Itaque
1236 2046 1318 2118 fieri

272 2183 349 2233 non
365 2168 488 2254 potest
504 2158 593 2255 quin
616 2160 663 2232 ab
684 2171 842 2257 utroque
859 2183 1015 2258 magnus
1032 2171 1206 2233 nascatur
1221 2160 1318 2234 aeris

272 2283 397 2347 motus
413 2295 541 2346 versus
567 2284 766 2370 utrumqne
795 2275 934 2372 polum,
951 2273 1183 2370 superficiem
1208 2284 1319 2346 terrae

273 2397 312 2460 et
328 2384 439 2459 maris
457 2408 602 2482 semper
618 2386 764 2460 radens.
816 2388 875 2461 Ab
904 2387 976 2461 hnc
998 2386 1144 2460 rasione
1168 2408 1319 2460 neeesse

274 2510 333 2572 est
349 2509 392 2571 ut
408 2509 532 2595 partes
549 2497 620 2570 illae
638 2509 747 2572 terrae
765 2511 803 2572 et
820 2524 925 2596 aquae
941 2498 1109 2573 circellos
1124 2521 1209 2572 suos
1226 2520 1321 2594 quos

274 2610 416 2685 faciunt
431 2611 664 2701 contrahant,
673 2611 713 2685 id
727 2612 826 2708 quod
839 2625 896 2686 est
908 2612 1127 2686 durescere:
1145 2623 1182 2686 et
1198 2612 1322 2709 primo

276 2723 423 2821 quidem
450 2724 489 2797 in
517 2725 711 2821 superficie
739 2725 938 2799 cuticulam
963 2724 1131 2815 induere,
1155 2748 1237 2820 qnae
1262 2739 1321 2798 est

275 2836 412 2933 glacies
433 2836 574 2932 prima:
601 2848 728 2934 postea
744 2861 847 2927 vero,
868 2837 998 2911 eodem
1023 2848 1127 2911 motu
1150 2861 1320 2932 perseve-

275 2959 394 3039 rante,
413 2950 611 3024 enticnlam
629 2951 739 3024 aliam
756 2950 949 3047 aliamque,
963 2961 1186 3048 cooperante
1209 2951 1320 3023 etiam

276 3064 394 3162 glacie
417 3064 557 3160 prima:
585 3063 705 3139 donec
728 3064 879 3138 tandem
905 3064 1036 3139 evadat
1061 3064 1197 3161 glacies
1222 3087 1322 3138 cras-

277 3178 430 3251 sissima.

328 3291 378 3365 A.
406 3289 444 3364 Si
461 3290 514 3363 ita
531 3300 600 3381 est,
623 3315 699 3365 non
722 3315 815 3388 opus
838 3301 896 3366 est
924 3302 968 3365 ut
992 3291 1231 3386 interrogem,
1248 3313 1322 3385 quo

277 3414 387 3501 pacto
404 3405 471 3477 fiat
487 3416 531 3477 ut
548 3428 654 3500 aquae
677 3430 811 3480 urceus
828 3430 851 3480 a
866 3406 953 3480 nive
975 3404 1043 3478 sali
1065 3406 1193 3493 mixta,
1210 3404 1323 3477 etiam

277 3529 418 3605 astate,
432 3541 508 3590 non
526 3518 720 3614 proculab
738 3520 824 3616 igne
841 3519 1069 3616 congeletur.
1122 3518 1206 3591 Sale
1224 3518 1323 3591 enim

277 3640 317 3701 et
338 3629 422 3702 nive
447 3629 663 3704 circundato
689 3655 813 3723 urceo,
831 3657 851 3706 e
868 3630 1155 3729 liquescentibus
1172 3630 1244 3704 illis
1260 3654 1324 3704 aer

278 3742 355 3815 sive
384 3753 517 3816 ventus
553 3745 780 3840 exprimitur,
816 3746 880 3843 qni
913 3745 1048 3820 radens
1077 3744 1323 3842 undequaque

277 3856 380 3929 urcei
398 3858 628 3953 superficiem
646 3859 832 3949 extimam,
850 3872 993 3934 motum
1009 3859 1171 3956 partium
1189 3860 1268 3955 ejus
1284 3859 1324 3933 in

278 3970 398 4065 spotia
425 3971 585 4044 arctiora
611 3972 767 4069 redigit:
795 3984 832 4047 et
859 3974 911 4047 sic
935 3971 1152 4047 actionead
1178 3971 1324 4045 interna

276 4095 493 4181 propagata,
511 4109 607 4181 aqua
629 4085 780 4159 tandem
799 4111 880 4183 qnae
903 4086 1005 4159 intus
1023 4095 1080 4158 est
1109 4084 1324 4157 indurescit.

279 4195 354 4269 Sed
372 4197 469 4270 unde
487 4199 670 4295 contingit
682 4210 725 4272 nt
737 4223 833 4296 aqua
848 4200 887 4273 in
905 4212 1019 4296 puteo
1036 4197 1221 4295 profundo
1239 4221 1326 4271 raro

279 4308 497 4405 congeletur
512 4307 524 4380 ?
