2888 5002
397 443 982 496 narnauarrcnaonrnuun.
1144 430 1212 494 169

220 609 409 707 Capitibus
440 612 491 684 xii
515 623 554 683 et
579 611 643 684 xiii
674 622 905 707 argumenta,
938 633 1021 706 quae
1049 608 1212 697 adducit,
1250 634 1403 675 Dianoeas

167 722 260 796 nihil
289 724 445 819 amplius
470 726 631 820 probant
648 749 757 820 quam
775 725 873 819 quod
891 724 1047 820 angulus
1065 735 1214 796 contac-
1254 716 1398 818 ,ᾗ

169 849 227 908 tus
240 837 365 932 anguli
375 838 555 910 rectilinei
566 863 640 911 non
652 849 707 910 est
718 861 825 933 pars:
844 837 942 933 qnod
955 860 1030 909 non
1044 848 1214 932 negatur.

221 951 350 1045 Capite
367 953 441 1038 xiv,
463 965 682 1046 argumenta
700 951 859 1046 explicat
878 950 1071 1047 desumpta
1087 974 1132 1022 ex
1150 974 1215 1045 op-

171 1065 246 1136 tica
262 1064 481 1153 Vitellianis
502 1065 560 1157 (ut
583 1089 630 1137 ne
656 1065 766 1159 hujus
793 1062 943 1158 quidem
973 1062 1216 1158 philosophiae

168 1178 286 1272 partis
316 1179 465 1273 ignarus
495 1201 573 1250 esse
598 1177 823 1270 videretur):
858 1176 923 1248 sed
954 1176 1000 1248 ab
1026 1175 1098 1249 illis
1123 1175 1216 1248 nihil

169 1290 269 1362 aliud
297 1290 454 1363 derivari
485 1301 620 1386 potest,
651 1303 898 1386 praeterquam
929 1288 1029 1384 quod
1059 1289 1216 1384 angulus

170 1412 361 1475 contactus
379 1403 515 1499 angulo
534 1403 725 1476 rectilineo
743 1403 834 1474 nihil
853 1402 968 1474 addit.
1013 1401 1124 1475 Quod
1137 1401 1215 1497 qui·

168 1516 254 1588 dem
270 1516 350 1588 fieri
368 1527 500 1612 potest,
516 1539 561 1588 ex
579 1539 622 1589 eo
641 1514 741 1611 quod
764 1514 965 1611 quantitati
993 1512 1085 1586 nihil
1112 1513 1217 1586 addit

169 1654 242 1703 non
275 1628 385 1702 modo
419 1630 605 1725 quantitas
636 1629 749 1717 nulla,
784 1629 850 1701 sed
883 1627 993 1700 etiam
1028 1628 1215 1722 quantitas

168 1744 426 1838 heterogenea.

220 1858 421 1944 Postremo,
445 1854 565 1951 capite
582 1881 643 1945 xv,
670 1855 870 1952 respondet
897 1854 945 1927 ad
972 1853 1088 1927 Clavii
1116 1877 1214 1949 quae-

169 1971 255 2042 dam
287 1969 492 2042 corollaria.
545 1969 712 2042 Quorum
742 1992 859 2040 unum
881 1979 949 2055 est,
973 1967 1072 2062 quod
1092 1976 1216 2064 pateat

169 2082 298 2179 aliqua
328 2082 521 2179 quantitas
550 2081 719 2154 continue
748 2092 786 2154 et
821 2081 965 2175 infinite
998 2080 1146 2179 augeri,
1179 2090 1217 2153 et

170 2207 292 2269 tamen
336 2204 569 2292 angmentum
609 2193 713 2267 iltius
753 2204 1066 2292 quantumcunque
1098 2193 1215 2266 minua

168 2331 317 2406 semper
343 2307 417 2378 erit
444 2308 674 2380 decremento
703 2307 836 2403 liujus:
862 2306 962 2403 quod
996 2306 1144 2402 quidem
1170 2330 1214 2379 eo

171 2447 279 2494 seusu
312 2443 419 2516 quem
452 2420 632 2492 hocloco
663 2420 798 2493 habere
837 2421 959 2510 debet,
991 2420 1215 2493 dictumest

169 2534 276 2630 plane
295 2532 506 2606 absurdum.
545 2533 725 2621 Alterum,
740 2533 897 2605 transiri
908 2556 1022 2630 poete
1039 2558 1063 2604 a
1077 2533 1216 2604 minore

169 2646 223 2719 ud
237 2649 369 2742 majus,
382 2645 444 2718 oet
457 2655 600 2735 contra,
616 2656 654 2718 et
662 2668 740 2744 per
762 2645 884 2717 omnia
901 2644 1052 2727 media;
1077 2669 1143 2717 nec
1160 2653 1215 2717 ta·

169 2785 248 2833 rnen
260 2784 338 2858 per
352 2758 516 2856 ecquale:
535 2758 635 2855 quod
649 2773 704 2832 est
715 2758 1029 2831 absurdissimum.
1057 2758 1213 2831 Hiccine

168 2875 238 2946 fuit
266 2875 330 2969 qui
360 2874 452 2946 adeo
475 2873 633 2969 superbe
660 2871 901 2945 insultaverat
917 2873 993 2944 Jos
1012 2871 1212 2968 Scaligero‚

169 2987 268 3082 quod
298 2988 441 3061 dixerat
472 2987 597 3060 latera
631 2996 673 3060 12
701 2986 933 3083 ‹todecagoni
960 2987 1106 3080 majora
1133 3009 1215 3058 esse

162 3101 370 3197 perimetro
397 3101 535 3174 circuti
561 3099 868 3197 circumscripti?
921 3099 1033 3174 Quod
1063 3099 1211 3194 quidem

168 3212 368 3285 absurdum
387 3224 478 3301 erat,
497 3213 562 3286 sed
583 3238 657 3286 non
685 3225 762 3285 tam
780 3236 890 3307 qnam
916 3222 1121 3285 monstrum
1141 3214 1214 3286 hoc

169 3327 297 3414 Clavii,
314 3339 467 3423 propter
485 3328 585 3423 quod
602 3325 840 3422 geometriam
862 3327 979 3421 ipsam
996 3351 1070 3398 non
1088 3327 1213 3421 magni

167 3441 332 3512 facerent
362 3439 529 3512 homines
560 3464 633 3512 non
662 3452 872 3534 geometrae.
925 3441 976 3511 At
1007 3450 1112 3512 notat
1142 3441 1214 3513 hoc

167 3577 241 3625 non
262 3562 305 3624 ut
321 3552 519 3624 absurdum
536 3551 734 3635 wallisius,
752 3551 817 3623 sed
834 3565 876 3625 ut
892 3552 1036 3625 falsum.

217 3664 267 3736 B.
297 3664 438 3754 Restat,
456 3666 630 3761 quoniam
654 3664 789 3760 angulo
815 3677 1007 3738 contactus
1029 3667 1214 3761 quantita-

167 3792 243 3851 tem
262 3778 406 3865 tribuis,
426 3779 491 3852 sed
509 3779 635 3875 anguli
652 3778 833 3851 rectilinei
851 3780 1051 3874 quantitati
1068 3779 1214 3852 hetero-

166 3915 335 3986 geneam,
353 3904 395 3965 ut
412 3893 584 3966 ostendas
597 3917 709 3989 quare
728 3892 775 3965 sit
793 3893 1063 3989 heterogenea;
1089 3906 1215 3989 etqua

167 4029 341 4078 mensura
358 4007 583 4101 quantitates
609 4007 766 4079 duorum
784 4006 1002 4103 angulorum
1020 4020 1215 4080 contactus

167 4119 313 4212 possint
343 4121 559 4193 mensurari.
611 4119 733 4191 Primo
760 4130 896 4206 autem,
921 4119 1011 4213 quid
1041 4131 1096 4190 est
1123 4117 1215 4191 illud

168 4256 247 4304 esse
261 4230 551 4329 homogeneum?
578 4233 626 4304 Et
636 4231 725 4327 quid
743 4246 798 4305 est
815 4256 893 4305 esse
906 4231 1215 4328 laeterogeneurn?

219 4346 266 4417 A.
298 4344 542 4443 Hornogeneoe
568 4345 793 4441 quantitates
822 4359 920 4435 sunt,
939 4368 1094 4441 quarum
1112 4368 1213 4419 men-
