2888 4988
354 392 671 446 marannnsron
692 392 936 444 nomnnnn.
1139 375 1162 453 7

168 560 217 635 Α.
245 562 346 635 Bene
373 571 442 634 est.
494 560 578 633 Hoc
609 582 698 655 ergo
729 557 832 640 vult;
870 555 991 629 edicta
1020 579 1161 652 regum,
1195 591 1346 636 »mouns

119 675 267 770 quando
284 674 431 771 publica
447 674 553 762 fiunt,
578 672 758 767 inscripta
777 693 869 761 esse,
892 669 1080 760 nimirum,
1107 671 1163 767 ip·
1203 674 1346 777 *jd

119 811 244 861 sorum
261 786 410 860 nomine
426 810 567 883 regum.
618 787 668 859 Et
683 810 811 860 verum
829 798 897 860 est.

169 900 218 974 B.
245 900 317 989 Ah,
336 922 456 995 neque
477 901 529 973 sic
546 899 829 996 intelligendum
846 912 915 989 est,
938 898 1004 972 sed
1028 899 1164 972 solum-

120 1012 230 1086 modo
249 1013 295 1085 de
312 1012 426 1085 libris.

29 1189 33 1196 .
170 1126 220 1199 A.
248 1126 287 1198 Si
313 1148 353 1198 se
379 1126 432 1198 ita
455 1123 612 1220 intelligi
636 1123 763 1209 voluit,
791 1149 901 1220 quam
925 1123 1033 1198 facile
1051 1128 1165 1223 scrip-

119 1239 209 1313 sisse
222 1238 355 1334 potuit,
370 1263 452 1311 enm
464 1235 553 1311 libri
566 1237 626 1334 qni
640 1237 678 1310 in
684 1235 875 1335 publicum
883 1238 1082 1336 prodeunt,
1096 1238 1164 1332 de.

123 1354 214 1446 (non
227 1350 430 1450 prodeant,
454 1363 496 1423 ut
518 1350 579 1422 hic
600 1351 882 1446 scriptumest).
933 1352 1072 1426 Verum
1089 1376 1166 1426 non

120 1465 208 1538 satis
235 1464 403 1560 intelligo
421 1463 510 1560 quid
536 1463 605 1536 sibi
630 1462 691 1535 hic
710 1464 790 1537 vult
812 1488 884 1537 vox
909 1488 953 1538 ea
969 1465 1166 1556 nonnullis,

122 1601 217 1674 qua,
236 1578 397 1650 solitarie
415 1577 537 1673 posita
559 1577 638 1650 sine
656 1578 898 1665 substantivo,
920 1602 1064 1676 semper
1081 1581 1166 1653 sub-

121 1692 287 1765 auditam
311 1691 423 1764 habet
447 1714 577 1764 vocem
600 1690 722 1764 rebus.
776 1691 919 1765 Quibus
944 1716 1034 1789 ergo
1057 1695 1167 1766 rebus

121 1804 272 1877 inscribi
289 1805 407 1879 solere
425 1804 516 1878 dicit
532 1804 672 1878 libros?

171 1917 221 1990 B.
250 1917 405 2006 Quibus,
436 1917 506 1990 nisi
537 1916 775 1989 nominibus?
807 1930 849 1990 ut
884 1916 985 2014 (post
1014 1918 1169 2015 quinque

122 2042 188 2104 aut
204 2053 272 2103 ses
289 2031 432 2124 versus)
459 2053 504 2102 ex
521 2030 578 2104 his
595 2029 728 2117 verbis,
750 2039 875 2103 oestro
893 2028 1003 2102 libuit
1020 2032 1167 2105 nomino

122 2142 299 2240 seligere,
327 2141 455 2238 quibas
485 2143 547 2239 qni
575 2143 739 2239 seqnitur
769 2152 970 2216 tractatum
997 2144 1168 2219 duxerim

124 2252 404 2344 imcribendum,
423 2256 574 2329 cuilibet
591 2255 827 2328 manifestum
844 2279 922 2329 esse
939 2270 1074 2353 potest.

174 2367 224 2440 A.
250 2368 302 2440 At
317 2368 447 2442 melius
464 2368 606 2459 fuisset,
620 2368 651 2441 si
667 2369 915 2464 praecedentia
932 2372 1169 2466 sequentibus

122 2479 373 2575 praetulissent
389 2482 513 2577 potius
536 2482 668 2568 lucem,
687 2506 797 2578 quam
821 2481 1043 2558 debuissent.
1096 2485 1170 2560 Sed

122 2593 358 2688 pergo-Id
385 2593 474 2666 milii
498 2595 656 2668 maxime
680 2594 797 2667 visam
814 2604 873 2668 est
889 2595 1110 2688 incumbere,
1130 2610 1171 2673 nl

114 2704 339 2799 justissimis
367 2707 462 2780 uotis
491 2708 583 2797 sais,
598 2717 772 2805 quonlam
794 2708 833 2780 in
850 2718 992 2796 meost,
1010 2711 1170 2809 solisso-

124 2817 372 2891 eiam.-Suis
402 2819 475 2909 hic,
498 2844 566 2916 pro
595 2818 710 2909 illias,
736 2844 868 2916 nempe
895 2821 940 2894 D.
960 2822 1010 2894 H.
1031 2822 1168 2913 Savilii,

123 2953 199 3003 non
217 2944 317 3005 recte
334 2932 464 3006 utitur.
517 2932 591 3006 Sed
615 2933 713 3006 nolle
736 2945 773 3005 te
790 2936 1068 3028 grammaticam
1098 2937 1169 3010 hoc

123 3043 206 3117 loco
230 3045 432 3118 examinari
463 3045 598 3118 oblitus
628 3046 859 3118 eram-Ea
887 3072 972 3143 quo,
1007 3049 1168 3146 inquom,

123 3156 213 3247 ltaec,
232 3156 356 3248 idest,
374 3158 586 3254 symbolica,
604 3157 823 3231 introducta
840 3169 899 3233 est
922 3159 957 3231 V
953 3161 1046 3251 ieta,
1066 3161 1169 3262 Oug-

125 3269 262 3360 insedi,
296 3270 504 3361 Horriolli,
536 3271 700 3345 Cortesii
734 3296 815 3369 ope,
851 3296 959 3370 quom
999 3275 1168 3374 ingentes

108 3382 262 3480 feeerit
282 3383 481 3482 profectus
508 3383 696 3457 Mollesis
725 3383 910 3474 universa,
936 3392 1047 3460 nemo
1068 3388 1169 3462 leisoe

124 3495 237 3569 rebus
266 3495 327 3568 uel
351 3495 485 3570 leviter
518 3495 745 3569 excercitatus
775 3495 956 3594 ignorare
977 3501 1169 3598 possit,-

124 3609 278 3683 Audin?

174 3721 222 3796 Β.
250 3722 383 3796 Audio.

174 3835 221 3908 A.
250 3837 307 3908 Ne
321 3835 392 3932 ipsi
408 3835 556 3931 quidem
583 3835 776 3932 analyticae
793 3860 860 3933 per
875 3850 1079 3933 potestates
1101 3839 1167 3912 ad-

124 3949 235 4022 scribi
251 3961 417 4045 possunt,
436 3974 518 4045 quae
535 3950 596 4022 ille
610 3949 672 4022 hic
689 3950 839 4023 ascribit
856 3951 1029 4047 symbolis
1044 3984 1053 4036 ;
1080 3975 1167 4025 nam

126 4085 354 4159 quaeounque
367 4063 524 4135 inveniri
535 4075 689 4159 possunt
705 4087 772 4159 per
789 4064 955 4160 symbola
971 4066 1040 4137 ista
1057 4089 1164 4155 nova,

124 4174 281 4248 inveniri
298 4176 408 4249 etiam
418 4177 625 4272 potuissent
641 4200 706 4271 per
718 4176 971 4272 antiquissima
987 4178 1165 4274 symbola,

124 4288 297 4363 nimirum
315 4291 436 4363 verba.
488 4288 642 4378 Deinde,
660 4289 810 4385 quinam
828 4301 914 4364 sunt
930 4291 1099 4387 ingentes
1112 4294 1166 4368 illi
