2888 5002
342 402 656 457 unrnnumcm
675 402 918 455 monianum.
1101 390 1147 457 53

113 569 256 659 deinde,
285 585 473 669 resumpta
494 573 647 661 unitate,
671 595 747 645 nou
769 571 816 645 ad
839 571 987 670 viginti,
1008 571 1072 645 sed
1099 571 1148 646 ad
1183 596 1332 639 nunnoni

113 683 342 778 quindecim
369 697 406 758 et
430 709 556 759 rursus
584 684 742 782 repetita
762 686 905 759 unitate
927 684 974 758 ad
990 685 1126 783 viginti
1137 716 1147 770 ;
1186 678 1329 783 ,ζῇ

112 796 198 869 iude
223 797 272 870 ad
298 798 435 896 viginti
464 797 633 895 quinque,
659 809 743 871 eta
766 796 1148 896 vigintiquinquead

112 910 276 1007 triginti,
294 921 387 984 etc:
414 923 589 1008 tanquam
618 922 702 1007 post
733 911 919 1001 decadem,
946 934 1012 1007 per
1038 911 1148 985 unius

110 1033 257 1097 tantum
289 1048 419 1098 manus
453 1024 589 1121 digitos
619 1035 887 1121 computarent.
939 1024 1012 1097 Sed
1045 1049 1148 1098 more

111 1159 176 1209 suo
203 1137 312 1211 nimis
335 1150 486 1228 temere,
503 1162 573 1212 uec
597 1139 685 1211 satis
712 1139 842 1234 logice,
859 1139 1148 1235 propositionem

111 1361 243 1453 redire,
260 1364 360 1439 circa
376 1365 531 1439 eandem
548 1365 688 1439 horam.

162 1475 211 1550 B.
238 1477 395 1551 Faciam.
446 1476 548 1551 Vale.

351 2053 600 2129 maliosus
636 2054 908 2130 SECUNDUS.

159 2384 208 2457 A.
235 2383 335 2456 Bene
352 2382 515 2457 advenis.

161 2496 211 2570 B.
238 2496 398 2571 Gaudeo.

160 2610 210 2699 Α.
238 2610 370 2706 Capita
386 2610 458 2682 tria
478 2609 644 2705 proxime
668 2611 857 2705 sequeutia
878 2610 1029 2706 perlegi,
1058 2609 1145 2683 dum

107 2723 266 2796 abesses.
323 2723 418 2796 Sunt
434 2735 559 2796 autem
577 2732 656 2796 tota
672 2723 902 2820 philologica.

159 2835 209 2908 B.
236 2836 370 2909 Nonne
387 2835 529 2909 erudite
542 2836 679 2932 scripta
697 2837 807 2910 suut?

157 2948 205 3023 A.
232 2950 292 3023 Au
315 2974 397 3046 quae
423 2974 492 3023 nec
511 2949 628 3039 utilia,
652 2973 720 3023 uec
743 2950 846 3039 falsa,
877 2973 945 3022 nec
978 2949 1146 3022 miranda

108 3075 205 3153 sunt,
222 3063 368 3158 placere
386 3087 491 3159 posse
508 3063 696 3136 arbitraris
712 3062 724 3134 l
777 3063 906 3160 Capite
935 3076 1051 3153 sexto,
1081 3063 1145 3136 ubi

108 3175 303 3273 pollicetur
336 3177 525 3248 nominum
554 3175 796 3248 numeralium
824 3177 1040 3250 Latinorum
1067 3201 1146 3250 om-

108 3290 210 3362 nium
218 3287 729 3361 derivationemauominibus
740 3290 986 3363 numeralibus
994 3290 1145 3380 Graecis,

110 3403 200 3476 uihil
217 3412 370 3498 praestat
384 3411 629 3497 praeterquam
646 3402 746 3497 quod
768 3404 1018 3500 conjecturam
1034 3403 1147 3476 faciat

111 3512 385 3589 asimilitudiue
401 3514 603 3588 literarum.
644 3515 697 3589 Ut
719 3526 862 3589 taceam
886 3526 1010 3590 autem
1034 3516 1145 3612 quod,

111 3627 277 3724 promissi
294 3627 441 3717 oblitus,
460 3627 610 3701 deducit
634 3629 830 3703 secondum
853 3654 886 3718 a,
911 3652 986 3703 non
1004 3629 1145 3722 Graeco,

113 3764 270 3840 nepetam
304 3740 392 3837 quid
418 3741 539 3814 tritius
562 3765 642 3814 esse
664 3753 785 3838 potest
809 3767 919 3839 quam
944 3743 1014 3816 duo
1037 3768 1060 3817 a
1084 3752 1144 3835 tto,

114 3864 186 3927 tres
202 3879 224 3929 a
242 3867 327 3943 τρεῖς,
353 3878 417 3926 sex
433 3855 480 3927 ab
497 3867 535 3944 a,
562 3867 703 3950 septem
725 3856 772 3929 ab
789 3864 869 3945 tna,
899 3868 984 3930 octo
1012 3858 1058 3930 ab
1085 3865 1146 3925 turo

114 3966 301 4041 derivare?
362 3966 462 4042 Quid
495 3968 655 4064 ineptius
685 3992 795 4064 quam
825 3967 955 4041 bedam
980 3992 1004 4041 a
1031 3981 1147 4055 πόλεμος

114 4081 313 4164 deducere;
340 4092 378 4153 et
394 4105 501 4153 unum
518 4081 640 4155 dicere
658 4082 762 4177 quasi
780 4093 796 4151 t
805 4091 848 4170 ἓν,
864 4080 1025 4174 (mallem
1042 4079 1147 4175 quasi
1164 4066 1168 4075 ¹

110 4199 207 4289 otor),
229 4206 269 4267 et
285 4195 370 4268 iude
387 4218 454 4288 per
471 4195 634 4284 domum,
641 4194 836 4291 folcerium,
850 4194 1008 4279 boetiam,
1022 4192 1146 4265 venire

111 4307 155 4380 ad
181 4308 337 4391 honrem
364 4307 451 4402 quia
475 4307 657 4381 scholares
679 4307 806 4381 dicunt
822 4331 937 4381 uuum
955 4317 993 4380 et
1008 4306 1146 4380 bouum
