2888 5002
358 111 671 164 mnrunuarrcm
693 113 934 165 nonianus.
1093 104 1159 169 165

121 274 262 346 nullum
293 276 534 350 rectilineum.
588 278 699 352 Quod
727 291 851 352 autem
882 278 1044 377 angulus
1073 306 1160 354 con·
1196 314 1346 357 unrocus

119 400 241 461 tactus
258 389 414 485 angulus
428 392 488 480 sit,
503 403 542 463 et
559 405 727 486 quantuS,
740 415 865 463 verum
880 391 1158 489 heterogeneus,
1199 397 1340 500 »ξω

117 513 202 596 post
220 502 545 577 demonstrabitur.
598 505 736 577 Rursus
758 504 916 594 clarino,
935 514 975 578 ut
999 506 1160 605 ungulus

111 613 252 711 planca
278 617 477 710 efficiatur,
506 642 549 688 cu
591 620 655 706 cil,
686 618 816 713 inquit,
847 619 940 692 (luas
970 619 1090 693 linear
1121 622 1159 694 in

111 727 233 826 plano
251 729 306 802 acl
327 731 481 804 invicem
502 731 687 819 inclinari,
711 757 781 804 reon
804 741 925 804 autem
950 734 1096 831 requiri
1119 744 1159 807 ut

116 865 158 914 re
175 852 296 914 mutuo
312 854 446 916 secent.
483 845 594 918 Quod
603 845 788 916 Wallisius
805 869 880 918 non
898 859 1031 942 negat3
1054 847 1158 920 incli-

116 957 199 1027 nari
233 972 356 1052 negat.
415 958 515 1031 Quid
544 972 668 1030 autem
699 969 755 1031 est
781 958 980 1049 inclinatio,
1013 960 1043 1032 si
1075 960 1157 1034 duae

116 1069 222 1143 lineae
241 1081 329 1143 tunc
352 1096 426 1144 non
453 1073 675 1145 inclinantur
693 1071 741 1143 ad
764 1096 802 1144 se
828 1073 996 1160 invicem,
1025 1097 1109 1145 cum
1135 1100 1157 1148 a

116 1183 270 1258 diversis
297 1186 509 1281 regionibus
535 1199 700 1282 utraeque
726 1197 951 1258 concurrunt
981 1186 1029 1258 ad
1059 1187 1155 1260 idem

115 1298 322 1392 punctum?
384 1301 435 1371 At
464 1298 668 1387 inclinatio,
703 1299 740 1369 in
771 1298 984 1372 definitione
1018 1303 1155 1397 anguli,

114 1433 190 1483 non
234 1411 400 1495 sumitur,
444 1425 485 1483 ut
528 1412 564 1483 in
608 1411 801 1483 Elemento
839 1411 1045 1501 undecimo,
1088 1438 1155 1509 pro

114 1524 251 1620 angulo
285 1524 476 1597 rectilineo
510 1537 645 1606 acuto;
679 1525 734 1597 ita
763 1535 805 1596 ut
838 1524 994 1621 angulus
1021 1538 1156 1621 praeter

113 1647 263 1710 acutum
281 1637 402 1710 nullus
420 1639 478 1710 sit.

164 1748 211 1822 Β.
240 1751 339 1825 Quin
357 1775 464 1823 arcus
478 1763 516 1824 et
533 1762 689 1846 tangens
707 1750 811 1824 adse
835 1751 1070 1843 inclinentur,
1090 1754 1155 1827 du-

113 1864 224 1938 bitari
251 1889 327 1938 non
354 1865 473 1938 debet.
525 1864 612 1936 Non
640 1888 728 1960 ergo
759 1864 866 1937 solvit
894 1879 1154 1961 argumentum

113 1978 246 2054 Clarii.

163 2092 215 2164 A.
241 2091 357 2187 Atqui
378 2091 456 2163 haec
485 2102 571 2163 sunt
597 2091 781 2186 praecipue
811 2112 893 2185 quae
921 2089 1154 2186 disputantur

113 2205 245 2301 Capite
262 2216 393 2289 sexto;
420 2204 483 2276 ubi
500 2216 631 2277 neuter
649 2204 696 2276 ob
715 2203 982 2298 ignorationem
1012 2217 1155 2279 naturae

111 2317 331 2414 angulorum
362 2319 554 2390 veritatem
579 2327 791 2390 constanter
820 2326 933 2404 tenet,
953 2316 1017 2388 sed
1044 2318 1154 2393 modo

111 2432 185 2518 hic,
202 2431 313 2504 modo
333 2431 393 2503 ille
411 2431 541 2503 incidit
559 2430 597 2502 in
611 2428 779 2502 absurda.

161 2543 295 2640 Capite
313 2545 363 2617 vii
379 2546 536 2639 probare
551 2555 705 2616 conatur
717 2540 903 2614 Wullisius
919 2544 1046 2638 anguli
1066 2547 1153 2619 aim·

104 2656 264 2754 pliciter
307 2669 345 2730 et
390 2658 516 2754 anguli
562 2668 753 2731 contactus
792 2657 1153 2749 aninam-Primo

110 2771 244 2868 inquit,
262 2796 345 2868 quoe
361 2780 482 2843 mutuo
492 2781 653 2869 possunt
669 2772 729 2845 oel
744 2772 836 2845 addi
857 2773 918 2846 oel
931 2774 1091 2872 aufferri,
1107 2799 1153 2846 ca

111 2909 181 2958 non
205 2895 291 2957 mint
311 2883 965 2981 heterogcrrea.-—Conceditun-At
991 2887 1153 2985 angulus

113 3007 317 3084 contuetur,
330 2996 514 3094 siquidem
536 2995 587 3069 sit
617 2997 790 3095 angulus,
808 3010 846 3071 et
875 3010 978 3072 recto
1008 3000 1154 3096 urrJ‘erri

106 3120 243 3207 potest,
262 3120 302 3183 ut
320 3118 467 3182 maneat
484 3107 645 3207 angulus
674 3111 896 3184 semicirculi
923 3113 1102 3201 internus,
1116 3123 1154 3185 et

110 3234 212 3297 recto
241 3223 400 3321 affingi
420 3232 563 3321 polest,
577 3233 617 3294 ut
633 3224 715 3318 fiat
738 3223 898 3321 ungulus
927 3225 1154 3298 semicirculi

110 3335 585 3431 externae-Percepistin’
604 3336 712 3432 hujus
727 3339 934 3434 argumenti
952 3339 1025 3410 vim
1039 3338 1051 3409 l

155 3449 204 3522 B.
233 3452 304 3523 lta.
358 3450 408 3539 Si,
427 3449 556 3545 inquit,
575 3451 805 3546 superficiem
822 3450 934 3540 illam,
946 3476 1027 3546 quae
1046 3475 1084 3525 se
1098 3453 1152 3524 in-

107 3565 202 3660 gerit
219 3565 317 3636 inter
332 3574 545 3659 tangentem
563 3576 601 3636 et
619 3587 756 3652 arcum,
774 3564 929 3653 auferas,
948 3565 1152 3637 remanebit

107 3677 264 3773 angulus
289 3700 398 3772 quem
427 3676 591 3749 efficiunt
613 3677 792 3749 diameter
812 3689 849 3750 et
866 3701 985 3751 arcus.
1039 3677 1151 3750 Quod

107 3814 225 3886 perse
242 3789 479 3862 manifestum
498 3802 565 3878 est,
580 3790 664 3886 quia
682 3790 846 3864 aufertur
863 3815 948 3886 pars
966 3816 988 3863 a
1006 3802 1098 3863 toto.

157 3904 207 3978 A.
234 3903 334 3998 Ergo
361 3926 428 3998 per
455 3901 662 3975 Wallisium
692 3916 846 3999 uterque
876 3904 1043 4001 angulus,
1072 3915 1148 3977 tam

108 4017 326 4092 semicirculi
344 4041 454 4112 quam
472 4028 676 4107 contactuS,
695 4029 752 4090 est
765 4018 986 4114 superficies.
