2888 5002
364 445 679 496 maranuarrcm
700 445 943 498 tranianum.
1106 432 1169 498 131

131 609 225 683 ratio
243 611 465 707 aequalitatis
491 611 614 685 media
643 626 701 686 est
730 613 828 685 inter
853 613 1034 685 rationem
1064 636 1174 708 quam
1215 637 1363 677 annosus

130 723 241 796 habet
258 725 444 820 quantitas
465 724 513 797 ad
536 727 793 819 quantitatem,
811 737 849 797 et
864 726 1047 798 rationem
1064 748 1175 821 quam
1215 717 1360 821 „HL

130 836 241 910 habet
267 838 425 933 privatio
449 839 664 934 quantitatis
689 838 736 910 ad
759 839 1003 935 privationem
1029 838 1176 933 quanti-

131 951 218 1022 tatis
233 982 242 1034 ;
262 964 300 1024 et
313 952 480 1047 proinde,
495 952 741 1049 quantitatem
759 953 912 1025 rationis
936 976 1046 1047 quarn
1064 951 1176 1024 habet

130 1064 268 1158 aequale
286 1064 334 1136 ad
354 1064 507 1161 aequale,
525 1089 604 1137 esse
622 1065 725 1138 nihil.
777 1065 952 1162 Sequitur
970 1066 1091 1162 Caput
1109 1065 1175 1137 tri-

131 1177 319 1265 cesimum,
335 1176 384 1251 ,de
402 1177 587 1249 rationum
605 1177 881 1272 compositione.

181 1289 229 1361 B.
257 1290 459 1362 Differatur
476 1290 505 1361 si
525 1290 590 1379 vis,
608 1290 646 1361 in
666 1290 763 1362 diem
781 1291 995 1363 crastinum.

392 1846 642 1920 DIALOGUS
671 1845 922 1920 QUARTUS.

182 2164 231 2236 A.
258 2165 394 2237 Errnu
415 2163 612 2237 hodiernus
629 2163 735 2236 uobis
757 2188 877 2236 sermo
896 2174 997 2236 totus
1012 2164 1090 2237 fere
1106 2165 1177 2238 erit

132 2276 177 2349 de
195 2277 413 2351 rationibus.
466 2277 599 2373 Capite
625 2287 808 2373 praesente
826 2277 872 2349 de
889 2277 1073 2351 rationum
1097 2279 1177 2374 agit

129 2391 407 2486 compositione,
424 2402 535 2486 prout
552 2389 727 2463 definitur
745 2389 791 2462 ab
810 2388 960 2462 Euclide
982 2390 1112 2482 (Elem.
1128 2391 1174 2465 vi.

131 2505 242 2577 defin.
259 2505 372 2598 ult.):
398 2505 512 2578 Ratio
537 2503 809 2577 curationibus
834 2504 1001 2599 componi
1028 2504 1177 2592 dicitur,

132 2617 280 2716 quaudo
297 2618 479 2690 rationum
501 2616 731 2714 quantitates
753 2616 907 2688 interae
923 2616 1179 2715 multiplicata

132 2731 295 2824 efficium
311 2730 474 2826 aliquam
492 2730 682 2816 rationaii,
693 2730 731 2802 in
749 2731 891 2818 Graeco,
909 2747 970 2801 τινὰ
983 2746 1078 2816 λόγον.
1118 2730 1179 2803 Sic

132 2843 231 2915 enim
265 2843 413 2916 invenio
443 2844 482 2916 in
511 2843 606 2916 libro
641 2841 832 2938 cujusdam
861 2842 1047 2937 anonymi,
1078 2842 1179 2917 edito

132 2956 333 3030 centesimo
351 2956 510 3029 abhinc*
545 2979 655 3045 anno,
674 2956 713 3028 in
738 2979 811 3051 quo
839 2967 924 3027 sunt
947 2955 1179 3029 definitiones

132 3081 170 3142 et
198 3070 469 3166 propositiones
498 3068 661 3142 Euclidis
695 3093 823 3142 omnes
857 3071 984 3142 Graece
1018 3070 1177 3166 scriptae.

131 3182 287 3256 Wallisii
317 3183 421 3272 liber,
452 3195 494 3256 ut
519 3182 676 3272 videtur,
706 3182 787 3254 loco
818 3182 927 3277 hujus
955 3181 1178 3256 definitionis

131 3295 227 3370 hano
240 3295 377 3368 habet:
407 3295 564 3381 Quando
577 3294 762 3367 ratianum
776 3296 1004 3391 quantitates
1022 3297 1120 3369 iuter
1137 3321 1179 3370 ae

131 3409 388 3507 multiquicatce
421 3409 569 3504 aliquas
604 3409 808 3503 effecerint.
861 3409 954 3483 Quae
989 3409 1072 3483 duae
1104 3411 1179 3483 lec-

130 3525 251 3598 tiones
281 3546 391 3596 sensu
414 3522 506 3595 nihil
532 3521 718 3594 differunt.
770 3520 868 3594 Nam
885 3522 916 3595 si
934 3521 1007 3595 duo
1030 3523 1179 3596 termini

131 3638 240 3710 unius
254 3636 408 3709 rationis
425 3635 716 3732 multiplicentur
733 3635 773 3707 in
791 3634 882 3707 duos
897 3637 1074 3708 terminos
1091 3637 1179 3709 altc-

130 3750 208 3823 rius
226 3749 390 3838 rationiS,
408 3747 448 3823 id
465 3761 534 3837 est,
552 3747 775 3821 antecedens
789 3749 827 3820 in
845 3749 1124 3822 antecedentem
1141 3762 1179 3822 et

131 3885 362 3958 consequens
379 3861 418 3935 in
442 3872 740 3958 consequentem,
759 3862 898 3934 orietur
915 3863 1010 3936 ratio
1028 3885 1072 3935 ex
1091 3862 1177 3935 dua-

129 3975 199 4048 bus
222 3974 295 4048 illis
322 3974 526 4047 rationibus
547 3976 773 4070 composita;
799 3975 858 4049 vel
876 3976 976 4072 quod
993 3975 1090 4049 idem
1109 3989 1177 4065 est,

130 4089 298 4162 orientur
327 4086 410 4160 duae
441 4089 668 4183 quantitates
704 4112 859 4184 quarum
889 4091 983 4163 ratio
1011 4100 1178 4185 aeqnatur

373 4353 390 4387 ⁴
413 4353 492 4410 Edit.
512 4355 588 4411 1660
602 4363 632 4411 et
650 4355 734 4424 1668,
752 4360 769 4386 “
781 4356 817 4412 ab
831 4355 937 4412 hunc.”

1020 4472 1046 4520 l(
1065 4476 1079 4520 2
