2888 4988
108 605 176 646 CAP.
187 606 217 647 V·

90 673 234 709 z—s-a

110 731 211 778 Dudum

109 797 208 844 ctmolli.

275 398 347 465 334
549 412 830 466 cnoatnuann
848 411 1040 465 carmon.

275 578 401 653 caeteri
423 579 573 653 effectus
595 580 863 676 producuntur,
887 579 952 655 sed
977 603 1000 654 a
1022 577 1315 677 reciprocatione

275 690 315 764 in
331 691 428 765 linea
445 716 675 791 quacunque.

325 805 396 878 Pro
414 829 524 879 causa
540 830 628 903 ergo
644 806 791 881 duritiei
805 829 973 904 suppono
984 803 1314 902 reciprocationem

274 917 375 991 illam
397 929 434 992 et
450 918 716 993 velocissimam
739 942 830 1009 esse,
849 933 887 994 et
910 920 1011 993 intra
1033 917 1152 1015 spatia
1174 917 1314 991 brevis-

277 1052 381 1103 suma.

323 1144 373 1218 A.
400 1144 590 1240 Conceptu
612 1143 758 1217 difficile
775 1155 844 1217 est.
896 1144 1049 1219 Utinam
1072 1144 1152 1217 haec
1175 1142 1312 1217 visibili

274 1257 396 1354 aliquo
413 1259 662 1354 experimento
679 1257 844 1329 emollire
859 1257 984 1331 velles.

327 1369 375 1442 Β.
404 1369 563 1445 Quando
580 1381 723 1443 tensam
739 1369 853 1459 vides,
871 1369 1028 1466 exempli
1050 1391 1173 1458 causa,
1190 1367 1312 1443 ballis-

274 1492 372 1556 tam:
398 1495 554 1579 putasne
570 1495 696 1580 partes
712 1484 791 1579 ejus
807 1483 971 1557 moveri?

324 1595 375 1670 A.
401 1595 567 1669 Minime.
620 1596 705 1670 Scio
723 1619 849 1670 omnes
864 1597 1062 1694 quiescere.

326 1708 374 1782 B.
402 1709 598 1785 Quomodo
613 1710 685 1784 hoc
702 1710 796 1783 scire
818 1710 948 1807 potes?
1000 1707 1112 1782 Nullo
1134 1717 1233 1782 certe
1254 1731 1313 1781 ar-

274 1834 461 1918 gumento,
486 1834 733 1921 praeterquam
765 1824 866 1921 quod
898 1823 1038 1897 moveri
1070 1845 1146 1895 non
1178 1820 1312 1895 cernis.

274 1934 386 2008 Vides
415 1936 560 2033 quidem
590 1936 764 2010 laminam
789 1948 907 2011 totam
937 1937 1206 2034 quiescentem:
1233 1957 1313 2007 cre-

275 2045 483 2122 dendumne
513 2074 601 2147 ergo
631 2061 687 2124 est
716 2050 902 2148 quiescere
935 2051 1048 2124 etiam
1074 2058 1199 2146 partes
1232 2048 1313 2143 ejus

276 2184 403 2234 omnes
420 2161 594 2250 internas,
612 2186 697 2236 cum
714 2174 770 2237 tot
786 2163 861 2237 sint
877 2171 1094 2260 argumenta
1110 2184 1193 2258 quae
1210 2160 1312 2234 evin·

276 2283 366 2345 cnut
381 2273 630 2347 contrarium?

326 2385 375 2459 A.
404 2386 488 2461 Quo
501 2398 718 2484 argumento
731 2398 873 2461 motum
889 2388 1009 2460 inesse
1021 2386 1166 2460 evinces
1178 2386 1218 2459 in
1229 2408 1312 2482 par·

275 2499 374 2573 tibus
391 2499 535 2573 laminae
552 2500 749 2596 chalybeae,
767 2500 856 2574 dum
868 2510 993 2573 manet
1008 2499 1136 2572 tensa?

327 2612 376 2686 Β.
404 2612 442 2685 Si
470 2636 623 2686 nervum
643 2637 716 2710 quo
737 2625 886 2688 tenetur
901 2623 1007 2687 tensa
1032 2610 1227 2700 discindas,
1246 2623 1312 2684 aut

275 2748 494 2822 quocunque
521 2725 630 2799 modo
658 2749 681 2799 a
706 2726 744 2799 vi
770 2725 945 2799 tendente
971 2724 1114 2812 liberes,
1142 2722 1310 2819 protinus

275 2849 415 2912 motum
438 2838 582 2912 laminae
599 2838 737 2912 videbis
754 2837 1031 2927 velocissimum,
1049 2860 1121 2934 quo
1144 2859 1183 2910 se
1207 2837 1310 2910 resti-

275 2962 355 3024 tuet
367 2950 414 3024 ad
427 2953 539 3025 situm
551 2951 699 3025 undevi
715 2951 892 3026 tensionis
906 2950 1047 3024 dimota
1056 2960 1147 3023 erat.
1184 2949 1311 3024 Motus

275 3064 383 3160 hujus
401 3088 483 3160 quae
500 3065 710 3138 causaest?

325 3176 375 3250 A.
401 3177 486 3274 Ipsa
501 3176 605 3250 nervi
622 3177 770 3270 laxatio,
789 3176 846 3250 vel
860 3175 1006 3250 laminae
1017 3186 1204 3272 utcunque
1220 3173 1310 3247 libe-

274 3290 370 3364 ratio
387 3315 409 3364 a
425 3291 462 3363 vi
476 3289 661 3364 tendente.

326 3403 374 3476 Β.
403 3403 514 3479 Quod
530 3403 562 3476 si
584 3402 729 3476 laminae
751 3425 828 3475 non
850 3411 977 3492 tensae,
995 3401 1060 3475 sed
1081 3412 1206 3475 tamen
1228 3422 1312 3472 cnr-

273 3517 440 3605 vissimae‚
458 3516 580 3613 capita
605 3539 718 3588 nervo
741 3526 1061 3601 connecterentur,
1084 3513 1217 3588 deinde
1240 3513 1313 3586 dis·

275 3629 484 3703 cinderetur
499 3652 650 3702 nervus:
679 3652 753 3702 non
771 3627 897 3702 credes
914 3628 1087 3702 laminam
1104 3626 1204 3700 illam
1221 3635 1311 3698 tunc

274 3767 505 3816 recursurum
521 3766 599 3816 esse
617 3741 664 3815 ad
681 3743 792 3816 situm
813 3742 1019 3816 rectiorem.
1070 3741 1114 3814 ln
1132 3764 1205 3837 quo
1222 3763 1311 3835 ergo

275 3855 443 3929 consistit
460 3853 689 3927 differentia?

323 3967 370 4041 Α.
397 3968 558 4041 Laminae
580 3979 706 4056 tensae,
725 3967 899 4041 elastrum
922 3967 1107 4063 quoddam
1134 3966 1232 4039 intus
1256 3963 1313 4038 in·

274 4093 353 4153 est:
379 4080 525 4153 laminae
551 4104 639 4153 vero
671 4079 748 4152 sine
779 4079 945 4154 tensione
973 4103 1107 4170 curvae,
1136 4078 1311 4151 elastrum

274 4192 415 4266 nullum
432 4203 498 4265 est.

323 4303 370 4379 B.
398 4304 498 4381 Quid
515 4315 572 4378 est
589 4303 787 4379 elastrum?
