2888 5002
351 421 666 474 uaruuuarrcm
688 421 931 475 noctuarum.
1094 413 1158 477 tol

166 591 215 664 Α.
247 590 343 664 Scio.
370 590 539 662 Vidimus
553 592 630 685 iam
650 590 687 661 iu
706 589 775 662 hoc
806 601 911 686 parte
930 591 1061 685 'operis
1089 615 1163 663 ma·
1201 620 1352 663 numam

117 705 322 792 thematici,
353 704 570 800 professoris
610 703 724 775 vestri
752 716 844 799 quot
878 715 962 775 sunt
998 727 1163 776 errores:
1204 703 1348 806 ᾧ

119 818 271 906 scilicet,
285 818 409 913 plures
426 841 538 913 quam
556 839 688 889 censor
699 815 806 905 ulluS,
817 817 1053 911 quantumvis
1065 840 1166 889 seve-

119 955 195 1020 rus,
212 932 252 1004 iu
270 931 440 1004 omnibus
458 930 605 1025 scriptis
628 928 794 1002 omuium
821 929 1165 1003 mathematicorum

121 1044 229 1117 editis
246 1045 411 1117 invenire
432 1055 567 1139 potest.

173 1158 222 1231 B.
249 1157 293 1230 ld
322 1156 471 1253 quidem
501 1156 637 1229 nescio.
689 1156 829 1228 Verum
858 1157 891 1229 si
919 1156 965 1228 de
996 1157 1166 1229 omuibus

122 1271 230 1343 simul
244 1269 422 1344 doctrinae
436 1270 603 1366 partibus
617 1268 796 1364 judicium
815 1267 939 1357 facies,
958 1293 1034 1341 non
1051 1270 1166 1342 medi-

122 1385 258 1457 ocriter
274 1383 426 1485 doctum
443 1407 522 1457 esse
540 1383 778 1456 existimabis,
830 1381 1039 1479 Theologus
1067 1383 1165 1456 euim

122 1508 190 1585 est,
219 1508 257 1569 et
285 1497 438 1592 logicus,
467 1507 505 1568 et
535 1495 722 1591 physicus,
754 1506 792 1567 et
813 1495 1098 1591 metaphysicus,
1129 1508 1167 1569 et

120 1610 306 1706 politicus,
337 1622 376 1682 et
411 1609 566 1698 ethicus,
585 1619 624 1681 et
651 1609 792 1705 peritus
816 1608 911 1704 juris
941 1609 1098 1681 Romani
1128 1623 1167 1681 et

120 1722 330 1818 Anglicani.
408 1723 603 1808 Praeterea,
638 1720 782 1818 linguas
816 1723 919 1793 novit
956 1721 1165 1810 Hebracam,

121 1837 330 1925 Arabicam,
343 1835 599 1919 Teutonicam,
619 1835 812 1922 Gallicam,
831 1835 1010 1923 Italicam,
1036 1836 1166 1906 Armo-

121 1951 248 2038 ricam,
267 1974 422 2046 quarum
440 1949 641 2044 specimina
668 1960 706 2020 et
737 1948 957 2021 criticismos
971 1949 1096 2021 vidisti
1128 1950 1166 2021 in

122 2062 194 2135 hoc
210 2062 305 2135 libro
321 2094 331 2147 ;
358 2075 396 2135 et
407 2075 591 2160 praeterea
603 2062 853 2158 symbolicam,
872 2088 965 2158 quae,
983 2076 1025 2136 ut
1041 2063 1168 2160 lingua

122 2175 291 2271 quaedam
307 2175 535 2260 universalis,
551 2189 607 2249 est
623 2176 741 2248 instar
758 2176 934 2249 omnium.

172 2287 218 2359 A.
245 2289 414 2363 Vidimus
457 2289 605 2385 quidem
640 2289 758 2362 videri
788 2290 882 2362 velle
925 2290 1005 2363 haec
1048 2313 1168 2377 nosse,
1214 2283 1218 2290 ’

124 2424 242 2496 neque
276 2402 473 2497 quicquam
503 2402 605 2475 aliud
633 2415 769 2497 praeter
799 2426 943 2475 errores
975 2414 1012 2477 et
1051 2426 1168 2497 nugas

125 2538 244 2586 nosse.

177 2625 226 2700 B.
253 2627 363 2699 Liber
393 2628 454 2700 hic
486 2629 591 2718 alter,
620 2651 728 2723 quem
757 2627 1004 2699 examinaturi
1031 2650 1167 2716 sumar,

125 2739 309 2813 videbitur
321 2741 389 2813 tibi
399 2740 554 2814 fortasse
573 2741 713 2814 melior.
766 2740 868 2813 Vale.

388 3345 640 3419 DIALOGUS
668 3345 906 3420 QUINTUS.

175 3748 225 3819 A.
254 3747 353 3819 Bene
370 3747 521 3820 advenis
536 3779 545 3832 ;
572 3747 637 3819 sed
654 3758 691 3820 te
709 3749 949 3844 expectabam
967 3749 1058 3822 heri.

177 3858 226 3931 B.
253 3860 387 3932 Venire
421 3884 497 3932 nou
536 3859 653 3955 potui.
720 3861 777 3933 Tu
811 3885 898 3934 vero
940 3873 1044 3935 tauto
1087 3864 1168 3959 plus

124 3971 287 4044 habuisti
313 3972 379 4045 otii
406 3972 552 4060 librum,
584 3996 694 4068 quem
723 3984 846 4046 tecum
877 3974 1019 4070 reliqui,
1052 3975 1170 4071 perle-

122 4084 249 4179 gendi.

178 4198 227 4270 A.
254 4198 408 4294 Perlegi,
425 4200 495 4272 nisi
522 4199 621 4294 quod
650 4210 829 4273 tractatus
860 4202 908 4274 cle
938 4199 1171 4273 sectio-nibus

129 4308 279 4383 Coniaio
297 4313 419 4408 capita
441 4312 595 4409 aliquot,
618 4337 701 4409 quae
724 4315 898 4410 symbolis
925 4315 1079 4387 nimium
1104 4314 1171 4386 im-

228 4446 322 4499 vot.
341 4446 397 4498 lu.
1038 4450 1070 4500 M
