2888 4988
279 396 327 462 20
493 407 761 461 EXAMINATIO
781 409 832 461 ET
851 408 1102 460 EMENDATIO

90 601 241 644 enecans
276 575 501 649 Orationem
514 585 658 650 tractat
674 576 814 649 musica
828 574 1112 648 aliarum—An
1124 585 1167 646 ut
1177 571 1316 645 oratio·

278 713 371 776 nom,
395 713 443 761 an
464 702 507 762 ut
531 689 687 763 sonum?
740 688 792 762 Ut
814 712 943 761 sonum
973 700 1083 772 certe,
1114 684 1231 782 qualis
1261 696 1318 758 est

279 801 418 873 musica
434 800 632 885 hodierna;
660 824 867 897 quanquam
891 800 962 873 hoc
991 799 1148 872 fortasse
1178 798 1316 872 rectius

269 911 384 1002 dixit,
398 937 509 1009 quam
524 914 648 987 sensit.
693 914 728 986 N
731 937 790 985 am
803 912 1004 1010 antiquitus
1019 923 1098 985 tum
1110 911 1223 984 verba
1237 923 1316 984 tum

278 1025 408 1099 modos
437 1051 656 1123 componere
686 1026 848 1122 ejusdem
878 1037 958 1099 erat
987 1025 1077 1098 artis
1103 1025 1317 1098 musicae.—

276 1138 405 1211 Motue
422 1151 545 1213 antem
564 1150 603 1213 et
624 1139 772 1237 pondus
799 1141 837 1211 in
859 1138 1080 1212 mechanicis
1100 1138 1317 1235 prasertim

94 683 236 786 ..ἐμ

276 1250 751 1327 considerantum-Quid?
803 1253 862 1324 An
888 1251 1092 1324 mechanici
1116 1274 1207 1346 opus
1236 1273 1316 1324 esse

275 1377 384 1460 putat
397 1364 686 1438 demonstraret
728 1363 797 1436 Vel
813 1376 937 1437 motus
954 1376 991 1436 et
1007 1363 1180 1460 ponderis
1196 1362 1316 1436 nullas

276 1501 356 1550 esse
379 1479 545 1574 proprias
568 1478 755 1574 passiones
773 1501 855 1574 quae
873 1476 1116 1550 demonstrari
1133 1477 1314 1572 possunt?

269 1594 369 1668 Quis
395 1595 513 1668 nescit
543 1596 677 1685 omnia,
709 1617 790 1690 quae
821 1606 922 1667 recte
952 1593 1042 1666 facit
1069 1593 1315 1668 mechanicus,

275 1707 354 1779 fieri
384 1731 429 1779 ex
456 1708 669 1803 praescripto
698 1718 737 1779 et
764 1706 967 1780 secundum
995 1707 1141 1802 regulas
1173 1707 1316 1779 mathe-

145 1901 146 1906 ,
274 1819 525 1893 maticorum?
577 1819 831 1892 Mathematici
865 1842 954 1914 ergo
987 1829 1056 1906 est,
1089 1830 1133 1891 ut
1161 1818 1316 1891 alierum

270 1932 534 2027 quantitatum,
562 1931 614 2004 ita
642 1932 752 2004 etiam
776 1943 942 2004 motuum
965 1942 1003 2005 et
1030 1930 1236 2027 ponderum
1258 1955 1315 2005 ra·

275 2046 395 2118 tiones
430 2045 692 2118 demonstrare.
760 2042 873 2117 Vides
903 2044 1015 2140 igitur
1049 2068 1159 2142 quam
1193 2067 1316 2117 crassa

274 2158 355 2231 haec
373 2168 459 2230 sunt
470 2156 624 2229 Wallisii
640 2156 869 2252 professoris,
885 2168 922 2230 et
939 2157 985 2229 ab
1003 2169 1316 2252 ὰκριβεὶᾳὲπιςημονικῃ

275 2271 405 2344 aliena.
456 2269 529 2342 Sed
556 2269 761 2341 doctrinam
790 2268 974 2342 rationum
1002 2292 1148 2342 omnem
1178 2268 1315 2342 fatetur

267 2382 577 2456 considerationis
604 2406 682 2455 esse
712 2383 771 2457 vel
794 2382 1049 2470 arithmeticae,
1079 2381 1139 2454 vel
1165 2405 1315 2477 geome-

274 2497 403 2579 tricaea
430 2521 548 2592 neque
569 2496 700 2584 nescit,
727 2496 849 2585 credo,
878 2497 966 2593 ipsis
995 2495 1199 2569 rationibus
1230 2519 1314 2570 snas

273 2634 351 2684 esse
369 2621 489 2682 certas
507 2609 732 2705 quantitates
747 2638 756 2682 t
782 2634 869 2683 nem
887 2634 961 2684 una
986 2610 1081 2684 ratio
1108 2610 1226 2704 major
1242 2608 1315 2681 alia

265 2724 329 2796 -vel
346 2724 466 2796 minor
489 2747 567 2796 esse
590 2733 721 2819 potest.
782 2723 850 2796 Est
883 2747 973 2820 ergo
1004 2723 1100 2796 ratio
1127 2722 1314 2818 quantitas

266 2835 421 2932 proprie
438 2834 548 2924 dicta,
562 2836 672 2908 etiam
690 2858 735 2907 ex
748 2835 917 2909 doctrina
933 2837 1039 2909 illius.
1077 2835 1314 2932 Respondeat

267 2950 363 3022 mihi
376 2950 466 3044 jam,
482 2963 608 3021 utrum
624 2972 798 3021 numerus
816 2949 863 3022 sit
879 2949 986 3022 ratio.
1022 2948 1057 3020 N
1060 2948 1194 3045 egebit,
1208 2960 1313 3044 puto.

266 3063 350 3138 Qui
373 3063 416 3136 fit
439 3085 539 3158 ergo,
564 3072 606 3134 ut
630 3072 811 3134 tractetur
834 3062 872 3135 in
899 3061 1141 3151 arithmetica,
1167 3074 1205 3134 et
1235 3062 1314 3136 sola

266 3176 433 3272 quidem,
451 3187 494 3249 nt
511 3175 571 3248 ille
584 3174 689 3247 vult?
729 3175 881 3260 Rursus,
895 3190 1019 3249 utrum
1033 3176 1127 3249 ratio
1140 3175 1188 3248 sit
1204 3175 1313 3262 linea,

265 3290 330 3364 uel
360 3288 579 3384 superficies,
603 3288 659 3360 vel
691 3286 860 3360 solidum.
920 3289 1024 3362 Nihil
1052 3289 1196 3361 horum.
1242 3288 1311 3360 Vel

269 3401 460 3497 quantitas
490 3401 675 3489 continua,
693 3399 751 3472 vel
775 3400 945 3474 discreta.
998 3400 1179 3475 Neutrum
1201 3400 1310 3474 dicet.

274 3515 348 3589 Qui
366 3516 409 3587 fit
426 3538 525 3610 ergo,
543 3526 585 3586 ut
601 3523 784 3587 tractetur
800 3513 838 3585 in
856 3537 949 3609 pure
966 3513 1261 3587 mathematicis?

321 3627 370 3700 Β.
399 3627 439 3700 Si
472 3627 580 3715 ratio,
610 3649 730 3721 neque
759 3626 935 3699 continua
964 3627 1162 3722 quantitas,
1191 3651 1312 3724 neque

268 3739 430 3813 discreta
446 3739 506 3830 sit,
528 3764 604 3813 non
621 3740 767 3813 videtur
784 3740 913 3813 saitem
936 3740 1025 3813 mihi
1053 3740 1204 3814 omnino
1234 3764 1313 3814 esse

271 3853 468 3949 quantitas.

318 3964 365 4039 A.
394 3965 493 4040 Quid
511 3966 588 4038 ita?
638 3967 678 4040 Si
695 3967 777 4063 quis
794 3967 1038 4063 quantitatem
1061 3990 1207 4040 omnem
1227 3989 1313 4038 con-

269 4079 406 4153 tinuam
419 4080 478 4152 vel
495 4103 565 4152 non
582 4080 791 4153 continuom
808 4105 887 4154 esse
902 4080 1052 4169 diceret,
1065 4078 1311 4152 necessarium

266 4189 405 4265 faceret
424 4205 464 4265 nt
490 4193 609 4266 omnis
631 4194 816 4290 quantitas
843 4195 1020 4267 alterutra
1047 4217 1174 4266 earum
1200 4204 1309 4264 esset.

272 4302 344 4376 Sed
368 4329 444 4377 non
472 4305 572 4380 idem
593 4307 761 4403 sequitur
783 4331 828 4381 ex
849 4306 1027 4381 divisione
1047 4304 1311 4401 incentionem
