2888 5002
453 420 788 476 cronacannun.
1065 410 1143 476 465

100 588 174 678 alii,
195 587 387 662 convitiati
406 601 504 679 sunt,
523 614 605 686 quae
628 613 739 665 cansa
761 613 841 665 esse
861 591 1002 688 potuit?
1055 592 1139 666 Quo
1166 621 1234 663 cnr.
1251 621 1339 663 xxm.

99 701 177 775 laesi
192 700 385 774 fecerunt?
437 701 706 800 Paralogismus
724 727 827 778 meus
840 703 1016 777 damnum
1033 716 1137 779 tunm
1153 691 1322 809 »ὦ

100 827 261 889 nonest.
314 815 422 889 Unde
438 816 552 913 igitur
571 816 637 890 irae
654 816 785 891 tantae?
836 817 897 890 An
913 841 937 890 a
953 817 1032 891 zelo
1051 818 1138 891 boni
1151 814 1353 932 &mm

101 928 317 1016 communis,
347 930 522 1002 nimirum
555 953 601 1003 ne
632 942 930 1026 corrumperetur
962 930 1139 1026 paulatim
1151 953 1193 994 erc

103 1041 383 1116 mathematica?
435 1042 587 1117 Utinam
604 1044 753 1140 quidem
775 1044 846 1117 illis
864 1044 1034 1118 omnibus
1051 1068 1141 1118 cura

101 1155 190 1228 boni
206 1155 411 1229 communis
428 1168 533 1231 tanta
544 1168 653 1246 esset,
665 1170 707 1231 ut
720 1157 811 1231 nihil
824 1158 973 1231 omnino
986 1157 1025 1230 in
1038 1156 1140 1231 libris

100 1267 182 1342 falsi
198 1281 413 1365 paterentur
429 1293 507 1343 esse
524 1269 602 1343 sine
619 1269 882 1344 confutatione.
926 1269 1001 1344 Sed
1017 1269 1070 1345 ita
1084 1282 1142 1345 est

100 1381 224 1471 homo,
235 1382 306 1456 nisi
322 1394 509 1480 praecepta
525 1407 613 1457 vera
629 1383 870 1480 philosophiae
887 1382 1036 1457 moralis
1053 1395 1141 1457 ante

103 1494 284 1582 didicerit,
295 1507 338 1568 ut
355 1495 489 1570 lamam
507 1509 572 1570 aut
587 1496 731 1571 lucmm
747 1496 933 1594 primario,
947 1495 1141 1571 veritatem

102 1607 320 1682 secundario
337 1621 500 1707 appetat.
541 1609 632 1682 lnde
649 1610 821 1707 estquod
837 1610 1041 1684 irascantur
1057 1609 1140 1700 illis,

103 1744 261 1817 quorum
282 1721 464 1796 industria
485 1721 598 1795 nimia
613 1723 779 1797 veritatis
800 1722 862 1796 lux
879 1722 1052 1796 infertur:
1070 1747 1143 1820 qna

103 1847 270 1929 patescat
303 1835 484 1923 omnibus,
513 1835 680 1932 quantuli
708 1835 778 1909 viri
812 1848 898 1909 sunt
925 1836 987 1933 qui
1014 1835 1143 1910 volunt

102 1946 231 2021 haberi
248 1948 410 2022 maximi.
461 1949 541 2044 ligo
558 1947 682 2045 aliqua
698 1949 847 2045 quidem
863 1950 901 2022 in
926 1949 1070 2022 Euclidi
1086 1973 1143 2022 re-

103 2060 295 2156 prehendi,
320 2086 396 2136 non
422 2072 546 2136 tamen
568 2061 741 2135 utillum
763 2086 839 2136 non
863 2073 991 2158 putem
1017 2063 1142 2159 magni

103 2173 315 2248 faciendum
343 2199 434 2262 esse,
452 2176 515 2271 qui
539 2175 775 2249 scientiarum
800 2175 1142 2249 mathematicorum

103 2287 369 2362 tradendarum
387 2288 599 2362 methodum
618 2290 758 2385 primus
774 2287 940 2362 tradidit.
976 2287 1078 2361 Nihil
1095 2289 1142 2362 ab

104 2400 325 2475 Archimede
339 2401 479 2477 editum
493 2425 569 2475 non
582 2402 703 2475 lando.
725 2400 926 2475 Consilium
939 2399 1029 2472 mihi
1042 2400 1142 2473 aliud

104 2536 181 2586 non
202 2526 269 2604 est,
289 2539 399 2612 quam
421 2514 662 2588 arithmeticae
685 2526 723 2589 et
746 2514 904 2609 algebrae
930 2513 969 2586 in
992 2512 1144 2586 demon·

104 2625 265 2701 strandis
289 2627 601 2726 propositionibus
625 2651 715 2724 pure
731 2626 966 2726 geometricis
989 2625 1144 2703 abusum

104 2738 248 2830 tollere,
267 2741 297 2815 si
314 2752 481 2839 potuero.
532 2739 634 2814 Vale.
