2888 4988
250 422 322 488 390
384 434 439 486 nu
459 432 687 487 rnrncrrus
709 434 759 486 ur
778 433 1139 487 narrocrnurronu

247 603 339 677 nihil
355 603 453 699 quod
479 603 527 676 sit
543 603 685 691 salsum,
703 602 958 675 verumetiam
977 601 1069 675 nihil
1086 599 1185 697 quod
1203 612 1287 674 tau-

246 726 327 789 tum
340 716 528 811 probabile
543 715 679 804 existit,
691 714 782 787 nihil
797 715 953 811 denique
964 714 1174 802 admittant,
1186 711 1288 809 quod

248 829 458 903 certissimis
476 827 847 901 demonstrationibus
864 851 939 901 non
958 827 1211 901 confirmant.’'

299 944 442 1018 Quibus
458 942 580 1016 verbis
600 941 702 1036 (quia
717 939 850 1030 sciens,
867 965 941 1014 non
959 939 1117 1014 scientia
1134 940 1288 1013 demon-

248 1058 357 1151 strat)
395 1080 470 1129 nou
503 1066 620 1128 artem
653 1053 782 1150 ipsam,
817 1051 883 1126 sed
915 1053 1112 1150 magistros
1146 1052 1285 1126 laudat.

250 1168 443 1243 Certitudo
460 1167 696 1242 scientiarum
714 1166 878 1241 omnium
894 1167 1045 1263 aequulis
1064 1178 1131 1257 est,
1148 1166 1287 1263 alioqui

248 1282 346 1356 euim
364 1282 526 1355 scientiae
543 1304 618 1354 non
631 1290 774 1354 essent:
801 1304 886 1354 cum
903 1280 1003 1353 scire
1020 1303 1093 1353 non
1111 1280 1289 1376 suscipiat

248 1393 365 1491 magis
382 1404 420 1467 et
444 1394 576 1466 minus.
627 1391 793 1488 Physica,
810 1391 942 1481 ethica,
960 1390 1122 1486 politica,
1141 1392 1172 1464 si
1192 1392 1288 1465 bene

249 1507 508 1581 demonstrate
525 1517 658 1597 essent,
675 1529 751 1578 non
768 1505 889 1578 miuus
906 1515 1018 1579 certae
1039 1516 1160 1579 esseut
1176 1529 1289 1601 quam

247 1619 492 1717 pronunciata
508 1618 788 1692 mathematica:
815 1619 912 1692 sicut
934 1641 1003 1691 nec
1027 1617 1290 1691 mathematica

249 1732 410 1807 scientiis
427 1732 507 1806 aliis
521 1733 655 1806 certior
667 1746 775 1822 esset,
788 1733 860 1805 nisi
876 1740 977 1806 recte
992 1729 1288 1804 demonstraren-

248 1855 311 1919 tur
327 1869 372 1919 ea
389 1869 471 1940 quae
487 1845 714 1941 pronuntiat.

299 1958 430 2054 ltaque
447 1982 513 2053 per
529 1957 625 2030 hanc
642 1956 835 2053 epistolam
852 1956 922 2030 hoc
939 1980 1022 2053 ago,
1036 1967 1079 2030 ut
1095 1957 1289 2030 ostendam

249 2071 318 2145 tibi
334 2094 410 2145 non
429 2071 607 2143 minorem
619 2093 698 2143 esse
713 2069 906 2143 dubitandi
923 2094 1071 2145 causam
1084 2071 1124 2144 iu
1141 2070 1289 2167 scriptis

249 2183 603 2272 mathematicorum,
635 2206 746 2280 quam
783 2181 823 2254 iu
862 2183 1008 2280 scriptis
1040 2183 1289 2280 physicorum,

249 2296 468 2384 ethicorum,
487 2305 558 2368 etc.

299 2408 441 2482 Omitto
469 2407 567 2480 inter
592 2419 800 2503 geometras
828 2407 1070 2482 dissentiones
1097 2420 1135 2482 et
1159 2421 1291 2484 mutua

249 2521 421 2610 convitia,
440 2543 521 2617 quae
539 2519 684 2617 siguum
699 2521 942 2596 certissimum
958 2522 1179 2619 ignorantia
1189 2536 1288 2597 sunt.

250 2635 335 2732 Ipsa
363 2634 560 2731 aggredior
586 2635 778 2731 principio,
803 2649 841 2709 et
870 2637 1057 2711 interdum
1084 2638 1197 2711 etiam
1224 2638 1289 2712 de·

248 2749 541 2824 monstrationes.
592 2747 676 2822 Sive
693 2749 790 2822 euim
810 2751 993 2848 principia
1007 2750 1101 2824 falsa
1116 2751 1201 2840 sint,
1212 2751 1289 2825 sive

249 2863 364 2937 illatio
394 2861 599 2936 necessaria
622 2886 698 2936 nou
728 2863 787 2952 sit,
811 2863 1075 2939 demonstratio
1097 2863 1199 2938 nulla
1221 2875 1288 2938 est.

249 2975 320 3050 Pro
330 2974 527 3073 geometris
539 2987 663 3050 autem
673 2976 842 3050 omnibus
852 2978 1072 3074 oppugnabo
1085 2975 1289 3065 Euclidem,

250 3088 314 3184 qui
330 3089 495 3162 omnium
511 3102 780 3185 geometrarum
797 3091 973 3187 magister
990 3090 1234 3180 existimatur,
1252 3102 1290 3163 et

249 3201 489 3298 interpretem
506 3202 585 3298 ejus
602 3203 765 3276 omnium
783 3204 965 3299 optimum
982 3203 1161 3278 Clarium.

299 3314 429 3411 ltaque
446 3313 564 3411 primo
582 3316 664 3390 loco
681 3315 896 3390 examinabo
913 3316 1077 3391 Euclidis
1089 3316 1288 3413 principia:

250 3427 425 3517 secundo,
443 3451 488 3502 ea
503 3453 586 3525 quae
602 3429 791 3526 principiis
808 3429 880 3503 illis
896 3429 1094 3503 innitentia
1115 3429 1289 3502 videntur

249 3539 341 3613 mihi
362 3564 441 3614 esse
470 3540 572 3632 falsa,
591 3542 668 3616 sive
695 3566 740 3616 ea
762 3542 835 3616 sint
861 3540 1036 3629 Euclidis,
1062 3541 1137 3615 sive
1161 3542 1289 3630 Clarii,

250 3652 326 3726 sive
345 3656 593 3751 cujuscunque
610 3665 823 3751 geometra,
847 3656 909 3752 qui
928 3654 1115 3754 principiis
1132 3653 1205 3729 illis
1231 3654 1290 3727 vel

250 3765 329 3839 aliis
345 3766 446 3840 falsis
462 3768 520 3840 usi
537 3780 647 3840 sunt:
674 3781 785 3862 atque
802 3768 855 3841 ita
879 3771 1110 3866 oppugnabo,
1127 3779 1170 3841 ut
1186 3767 1290 3840 meli-

250 3901 315 3950 ora
349 3878 494 3974 rejectis
529 3879 760 3968 substituam,
792 3903 840 3953 ne
870 3892 988 3955 artem
1019 3880 1135 3976 ipsam
1162 3880 1290 3953 ridear

250 3988 470 4066 labefactare
488 3991 592 4066 velle.
