2888 4988
73 576 141 620 our.
157 579 224 619 xm.

82 647 224 680 ——f-ae

70 706 106 751 De
114 704 225 748 rationum

71 768 166 816 cuculo.

265 371 341 438 424·
408 384 462 437 DE
482 383 713 437 PRINCIPIIS
734 383 785 435 ET
804 381 1168 436 namocmerlonu

266 575 357 624 voce
374 551 503 625 Graeca
519 551 636 625 utitur
658 549 830 623 Euclides
855 573 923 645 pro
940 548 1083 622 ratione
1097 549 1123 622 '2
1142 547 1190 621 ad
1215 557 1229 621 l
1252 546 1316 620 vel

267 676 289 737 4
309 664 356 737 ad
374 674 409 752 2,
423 664 487 736 ubi
504 687 630 737 rursus
645 664 792 737 Clavius
810 663 910 736 illam
924 662 1047 735 reddit
1063 686 1130 758 per
1145 659 1315 760 duplam.

268 777 402 850 Nonne
424 801 510 872 ergo
531 795 568 850 et
592 777 670 873 ipse
688 776 846 860 Clarius,
864 799 909 849 ex
932 799 977 848 eo
995 774 1094 871 quod
1117 774 1211 847 dixit
1236 775 1317 847 Eu·

268 889 381 963 clides
411 889 648 985 duplicatam,
673 888 854 963 intellexit
884 889 995 980 (sicut
1024 889 1102 980 alii)
1134 886 1317 985 duplam?

270 1003 344 1079 Qui
377 1003 479 1076 verbi
514 1002 676 1099 ejusdem
713 1003 1019 1098 significationem
1053 1000 1163 1074 modo
1199 1024 1318 1073 unam

269 1115 379 1189 modo
398 1116 507 1188 aliam
530 1115 630 1204 facit,
649 1114 738 1187 mihi
766 1114 914 1212 quidem
938 1115 1084 1188 videtur
1109 1115 1319 1212 subjectam

270 1252 347 1303 rem
369 1229 469 1301 nullo
496 1228 607 1301 modo
638 1228 856 1324 intelligere.
909 1228 994 1303 Quo
1013 1240 1136 1301 autem
1164 1227 1318 1300 nomine

271 1341 509 1438 appellabunt
527 1340 707 1412 rationem
725 1339 809 1413 8ad
825 1349 847 1413 4
868 1353 1118 1436 comparatam
1141 1363 1227 1413 cum
1256 1362 1318 1411 ra-

271 1455 372 1527 tione
391 1461 414 1527 8
432 1453 479 1526 ad
498 1452 547 1527 2?
600 1453 734 1526 Dicent
761 1453 861 1527 illam
889 1477 970 1526 esse
997 1454 1106 1550 hujus
1127 1449 1320 1548 subdupli-

271 1575 407 1656 catam‚
426 1580 465 1640 et
483 1566 636 1639 rationis
656 1574 678 1640 8
695 1565 744 1639 ad
765 1576 779 1640 l
802 1565 1115 1665 subtriplicatam.
1177 1566 1322 1640 Nume-

272 1701 354 1752 rum
371 1689 495 1752 autem
515 1677 658 1751 numeri
684 1677 906 1773 subduplum
930 1678 1066 1767 dicent,
1084 1702 1158 1752 non
1176 1678 1319 1752 subdu·

273 1791 474 1887 plicatum
501 1803 538 1864 et
561 1814 755 1864 numerum
779 1799 803 1866 2
822 1792 966 1865 numeri
984 1799 1007 1863 6
1026 1816 1101 1865 nou
1129 1793 1321 1890 subtripli-

274 1915 410 1992 catum,
445 1902 511 1976 sed
553 1903 796 2000 subtriplum:
835 1904 986 1978 nomina
1027 1905 1170 1979 Latinae
1212 1905 1323 2003 genti

272 2016 450 2091 inaudita.
502 2016 631 2114 Itaque
649 2019 824 2092 cessantis
844 2020 922 2116 jam
939 2018 1076 2116 linguae
1093 2022 1216 2110 verba,
1235 2045 1324 2118 quae

275 2130 378 2206 velut
406 2141 628 2205 testamenta
657 2144 777 2205 morte
808 2133 1028 2206 confirmata
1053 2146 1149 2222 sunt,
1171 2146 1209 2209 et
1234 2158 1323 2232 quae

273 2246 408 2322 mutari
436 2272 509 2321 non
539 2247 688 2338 debent,
716 2271 782 2322 suo
812 2247 965 2322 arbitrio
993 2248 1071 2320 sine
1099 2250 1324 2322 necessitate

271 2371 406 2435 mutat.
469 2361 570 2436 Quid
587 2363 686 2435 enim
713 2360 864 2435 omuino
888 2359 1072 2458 significat
1098 2361 1324 2458 subduplum

277 2484 342 2545 aut
359 2473 667 2570 subduplicatum,
691 2475 723 2548 si
741 2475 925 2570 significat
950 2474 1089 2571 aliquid
1111 2487 1247 2571 praeter
1265 2474 1325 2547 di-

278 2584 453 2658 midium:
472 2599 537 2659 aut
553 2587 773 2684 subtriplum
788 2587 845 2660 vel
862 2587 1168 2684 subtriplicatum,
1184 2599 1327 2683 praeter

279 2697 429 2770 tertiam
447 2709 600 2795 partem.
653 2700 835 2773 Retinebo
854 2723 943 2794 ergo
960 2701 1139 2774 vocabula
1159 2701 1325 2798 propria,

279 2811 507 2909 duplicatum
534 2836 668 2884 vocans
698 2813 809 2886 etiam
837 2811 1002 2909 duplum,
1027 2826 1066 2886 et
1095 2813 1326 2908 triplicatum

271 2924 454 3021 ,triplum3
481 2946 550 2996 nec
567 2947 634 3020 pro
653 2924 908 3021 subduplicato
926 2937 964 2998 et
981 2925 1235 3021 subtriplicato
1255 2923 1326 2996 du-

279 3038 407 3111 bitabo
426 3038 548 3111 dicere
566 3038 769 3123 dimidium,
788 3051 825 3112 et
849 3039 997 3113 tertiam
1017 3052 1172 3135 partem,
1195 3037 1254 3111 vel
1275 3037 1327 3132 (si

280 3150 387 3240 libet)
419 3151 603 3226 trientem.
654 3152 777 3225 Etiam
800 3153 839 3225 in
865 3153 1069 3226 rationibus
1096 3152 1326 3249 (quanquam

281 3263 321 3337 id
347 3288 419 3336 non
444 3264 624 3338 concedat
643 3265 806 3358 Cluvius)
836 3266 1004 3338 similiter
1035 3266 1168 3355 dicam,
1185 3266 1256 3339 nisi
1283 3265 1327 3340 id

281 3377 373 3450 falso
392 3376 464 3450 dici
483 3378 663 3452 ostendat.
700 3377 811 3453 Quod
828 3379 925 3452 enim
943 3390 1062 3476 rogat,
1081 3379 1212 3455 “Quis
1228 3378 1327 3451 affir-

282 3490 397 3562 mabit
431 3491 469 3562 in
504 3491 561 3564 his
593 3492 756 3565 numeris
785 3491 960 3564 continue
988 3490 1325 3589 proportionalibus

283 3613 494 3692 25—5-1‚
509 3606 783 3701 proportionem
801 3612 848 3678 25
866 3604 915 3678 ad
938 3614 951 3678 l
975 3604 1125 3701 duplam
1144 3629 1223 3679 esse
1240 3629 1327 3702 pro·

282 3717 463 3813 portionis
493 3727 540 3792 25
572 3717 620 3790 ad
652 3727 699 3790 5:
725 3718 849 3813 potius
877 3741 958 3790 eam
977 3718 1058 3812 quis
1084 3717 1217 3790 dixerit
1244 3742 1325 3792 esse

284 3830 514 3926 quintuplum
526 3831 562 3903 ”2
589 3830 680 3902 nihil
703 3830 847 3926 probat.
901 3828 1014 3915 Quid,
1038 3829 1124 3925 quia
1146 3830 1326 3903 terminus

273 3944 423 4039 ¹primus
448 3956 504 4016 est
528 3944 742 4039 quintuplus
759 3943 923 4034 secundi,
942 3956 980 4016 et
1003 3942 1186 4016 secundus
1204 3944 1326 4016 tertii:

272 4057 332 4129 ,ob
350 4081 430 4128 eam
449 4080 596 4129 causam
619 4054 752 4129 dixerit
777 4056 909 4153 aliquis
937 4058 1118 4133 rationem
1146 4065 1193 4130 25
1217 4055 1265 4129 ad
1292 4064 1327 4146 1,

284 4169 515 4266 quintuplum
542 4192 621 4242 esse
645 4168 797 4242 rationis
819 4179 840 4242 5
860 4170 908 4243 ad
930 4180 962 4260 l,
980 4171 1101 4268 potius
1120 4194 1229 4267 quam
1260 4170 1329 4243 du·

273 4282 409 4374 plum?
471 4282 710 4356 Manifestum
740 4293 796 4357 est
825 4283 1008 4357 rationem
1023 4293 1085 4376 Ι25
1116 4283 1165 4358 ad
1195 4294 1217 4359 5
1247 4308 1327 4360 esse
