2888 5002
669 1089 734 1162 ΑΙ)
761 1088 1036 1162 Lucrouuu.

281 1502 440 1585 Qmsouu
454 1523 488 1566 es
503 1502 556 1588 qui
572 1501 753 1589 Physioem,
768 1502 802 1567 id
822 1509 881 1580 est,
906 1501 1072 1567 seientiam
1098 1521 1265 1565 censorum
1294 1507 1422 1565 neturu-

279 1619 368 1696 lium,
379 1641 443 1683 non
457 1620 491 1683 in
506 1627 539 1685 te
554 1621 624 1706 ipso
639 1621 764 1706 quaeris,
781 1621 837 1686 sed
852 1621 885 1685 in
899 1620 989 1684 libris
998 1619 1234 1706 magistrorum,
1246 1619 1421 1683 cavendum

279 1739 340 1806 tibi
355 1749 406 1805 est
420 1762 460 1804 ne
474 1748 533 1806 eut
552 1763 666 1826 porum
689 1742 859 1828 intelligas,
875 1749 934 1806 eut
959 1739 1123 1805 intellectu
1148 1760 1212 1802 non
1237 1747 1330 1804 reete
1352 1761 1420 1823 suo

278 1864 381 1943 putee
428 1857 555 1922 Nature
568 1859 675 1923 omnio
689 1881 746 1944 per
760 1861 941 1924 eonflietum
955 1859 1025 1946 ugit
1039 1879 1216 1943 corporum,
1227 1867 1337 1922 motus
1350 1879 1420 1920 suos

277 1977 338 2042 sibi
353 1984 464 2042 mutuo
479 1978 736 2063 imprimentium.
760 1979 877 2066 Itnque
892 1980 925 2043 in
939 1979 1088 2044 eonfliotu
1103 1978 1239 2043 duorum
1253 1999 1419 2064 corporum

277 2104 346 2164 tom
360 2097 529 2162 fluidorum
545 2120 640 2184 quem
655 2100 815 2179 durorum,
831 2101 858 2165 si
884 2100 1045 2186 intelligas
1067 2099 1101 2163 in
1126 2105 1266 2183 utroque
1292 2119 1418 2184 corpore

279 2217 382 2304 qualis
396 2217 456 2282 fiat
469 2223 585 2295 motus,
601 2217 635 2281 id
650 2224 709 2297 eet,
725 2240 789 2304 que
802 2219 854 2284 vio
875 2226 909 2284 et
933 2224 1080 2303 quantus,
1104 2217 1146 2282 ed
1173 2216 1349 2302 Physieam
1369 2239 1417 2280 oo

277 2339 371 2405 oedes
381 2339 484 2404 leotor
498 2360 562 2403 non
577 2338 754 2419 inidoneus,
771 2349 805 2405 et
819 2346 962 2405 motuum
972 2360 1095 2416 oeums,
1106 2346 1193 2403 reete
1204 2340 1417 2425 supputando,

278 2460 418 2525 invenies
444 2458 559 2524 saltem
584 2458 773 2544 probabiles
820 2460 979 2526 (laeterum
1004 2458 1032 2521 si
1055 2457 1250 2522 dictionibus
1273 2458 1419 2524 inanibus

278 2586 457 2657 contentus,
473 2579 631 2644 videberis
646 2578 705 2644 tibi
732 2578 909 2665 intelligere
932 2601 1002 2664 quae
1026 2575 1160 2663 intelligi
1184 2599 1251 2641 non
1278 2587 1417 2663 possunt,

276 2706 371 2766 tanto
385 2700 507 2764 errabis
521 2699 632 2785 magis,
649 2705 769 2784 quanto
784 2699 901 2763 rectius
915 2696 1155 2762 retiooinobere.
1187 2695 1229 2760 In
1243 2697 1337 2762 libris
1344 2697 1419 2784 phy·

278 2819 415 2884 sioorum
430 2817 533 2883 multo
547 2825 717 2883 occurrunt
732 2840 800 2903 quae
816 2819 886 2904 cepi
902 2841 965 2882 non
976 2823 1128 2903 possunt:
1146 2816 1255 2902 qualia
1266 2825 1418 2904 euntquae

278 2938 428 3003 dicuntur
443 2938 483 3001 de
497 2937 710 3002 rnrefootione
725 2945 758 3003 ot
772 2938 1031 3014 condensatioue,
1047 2937 1088 3001 de
1102 2937 1295 3002 substantiis
1311 2938 1416 3002 immor

277 3056 454 3128 terinlibus,
471 3057 511 3120 de
526 3055 682 3134 essentiis,
699 3057 811 3121 etalio
825 3055 947 3121 multu:
961 3078 1031 3141 quae
1047 3055 1073 3120 si
1089 3057 1248 3121 oouobere
1262 3057 1416 3143 explicere

277 3177 382 3242 verbis
397 3173 532 3252 illorum,
548 3174 677 3260 inepto:
702 3175 728 3239 si
744 3175 818 3255 tuis,
835 3174 914 3240 nihil
929 3175 1024 3241 dioes.
1071 3175 1149 3240 Haee
1175 3175 1319 3242 monitus
1342 3177 1414 3262 lege,

273 3295 393 3380 judice,
409 3294 545 3381 ignosce.
593 3294 686 3359 Volo.
