2888 5002
334 433 387 483 nn
408 432 710 483 usoumunnun
732 430 916 484 cineum..
1076 412 1144 478 361

109 600 176 674 ΟΝ
202 601 351 697 aequalis
378 601 440 675 CL
462 601 520 673 vel
551 600 623 674 ΟΜ
636 633 645 684 ;
680 604 933 698 Jungaturque
959 597 1040 686 ΒΝ,
1069 610 1152 693 quae
1177 616 1350 660 consonue-

108 714 248 787 secabit
265 713 331 786 DL
344 714 382 786 in
400 713 584 808 diagonali
605 713 668 786 ΑΟ
686 714 733 786 ad
744 715 789 787 0.
822 714 990 785 Ducatur
1007 734 1152 807 quoque
1192 694 1335 803 „HL

110 829 180 901 ΑΚ
208 851 336 901 secans
364 827 597 922 diagonalem
621 828 687 900 ΒΒ
711 829 750 900 in
773 827 818 916 V,
837 839 876 899 et
902 825 972 899 HG
999 825 1040 896 in
1060 849 1096 922 q,
1114 837 1154 897 et

112 941 179 1014 BN
197 941 236 1014 in
254 966 287 1028 v,
305 954 343 1013 et
360 941 585 1037 producatur
603 940 650 1014 ad
666 940 728 1012 BC
748 941 788 1012 in
805 965 850 1012 w.
888 940 957 1012 Per
974 950 1153 1034 punctum
1223 958 1227 966 ·

109 1053 141 1129 Ο
160 1054 317 1128 ducatur
333 1067 436 1127 recta
454 1054 514 1126 RS
534 1054 706 1149 parallela
726 1053 799 1142 ΒΟ,
818 1077 947 1127 secans
964 1053 1032 1125 ΑΒ
1049 1053 1087 1124 in
1106 1052 1152 1138 R,

108 1180 147 1241 et
163 1167 228 1241 ΟΒ
246 1169 285 1240 in
304 1169 342 1256 S,
359 1167 588 1264 ducaturque
605 1167 667 1240 AS
685 1191 812 1240 secans
831 1168 890 1239 FE
908 1168 947 1239 in
965 1191 1000 1254 u,
1016 1178 1054 1238 et
1067 1190 1152 1261 pro-

110 1280 266 1354 ducatur
281 1281 330 1354 ad
348 1281 496 1354 ductam
514 1281 602 1353 DM.
656 1280 885 1355 Producatur
910 1281 999 1353 item
1019 1281 1081 1354 Rs
1105 1278 1153 1352 ad

109 1393 265 1467 eandem
278 1394 355 1466 DM
374 1394 411 1465 in
429 1393 469 1466 Z.

486 1592 729 1645 PROPOSITIO
750 1595 777 1644 1.

160 1720 345 1794 Producta
362 1721 422 1793 AS
441 1720 578 1794 incidet
595 1721 632 1793 in
651 1722 704 1794 M.

163 1833 348 1907 Quoniam
366 1833 465 1905 enim
482 1834 637 1929 angulus
656 1834 755 1907 ΒΟΝ
774 1846 896 1906 sectus
914 1844 971 1905 est
986 1831 1155 1905 bifariam

110 1946 238 2030 aCO;
265 1947 336 2019 erit
353 1959 394 2019 ut
414 1947 475 2019 ΒΟ
492 1947 541 2020 ad
559 1947 625 2020 ΟΝ
643 1949 719 2021 sive
738 1948 825 2036 CM,
843 1949 897 2020 ita
923 1947 988 2020 ΒΟ
1005 1945 1053 2019 ad
1071 1946 1154 2019 ON.

112 2059 186 2132 Sed
202 2071 244 2132 ut
262 2059 327 2133 ΒΟ
345 2060 393 2132 ad
406 2060 489 2144 ON‚
507 2061 560 2133 ita
577 2072 633 2133 est
653 2063 820 2157 (propter
838 2060 1024 2155 triangula
1043 2059 1155 2147 BOR,

112 2173 211 2246 NOS
241 2173 388 2266 similia)
422 2173 489 2246 ΒΟ
520 2173 567 2246 ad
592 2174 677 2257 OS;
714 2185 752 2246 et
779 2173 864 2269 quia
894 2173 1020 2270 anguli
1050 2173 1155 2261 OCS,

111 2286 204 2358 COS
230 2298 315 2358 sunt
343 2286 512 2381 aequales
537 2298 647 2358 erunt
670 2310 816 2383 quoquc
846 2299 926 2359 tum
950 2299 1063 2359 rectae
1089 2286 1156 2374 SZ,

113 2399 185 2487 CS,
204 2399 277 2487 OS,
296 2411 375 2472 tum
394 2398 473 2486 ΒΟ,
488 2399 561 2486 DS,
577 2398 636 2470 SV
653 2399 818 2495 (propter
835 2399 1020 2495 triangula
1039 2399 1155 2485 KAD,

113 2514 216 2586 KVO
234 2512 382 2604 similia)
408 2512 504 2584 inter
522 2535 561 2585 se
578 2512 746 2607 aequales.
801 2513 926 2586 Quare
949 2524 992 2584 ut
1019 2511 1081 2583 ΒΟ
1108 2511 1157 2583 ad

112 2625 181 2697 ΟΝ
195 2625 253 2697 vel
271 2625 357 2713 ΟΜ,
371 2624 424 2696 ita
441 2636 498 2696 est
514 2624 576 2696 DS
594 2625 642 2696 ad
660 2624 729 2697 SC.
781 2625 829 2696 Et
843 2623 1099 2720 componendo
1114 2635 1157 2695 ut

114 2737 176 2812 DS
195 2737 244 2812 ad
260 2738 326 2812 DC
343 2739 419 2811 sive
437 2738 511 2826 ΒΟ,
530 2738 583 2810 ita
600 2753 656 2810 est
675 2738 736 2810 ΒΟ
750 2738 799 2810 ad
817 2737 902 2810 ΒΜ.
955 2740 1051 2811 Sunt
1067 2759 1156 2832 ergo

114 2853 200 2940 BM,
220 2851 282 2924 ΒΟ
303 2851 395 2946 (sive
414 2849 496 2939 ΑΒ)
517 2863 555 2924 et
580 2851 642 2924 DS
661 2852 835 2925 continue
852 2850 1155 2948 proportionales

112 2965 298 3038 Producta
315 2989 404 3061 ergo
423 2965 484 3037 AS
502 2964 674 3037 transibit
692 2988 758 3060 per
775 2966 829 3038 M.

480 3186 729 3239 PROPOSITIO
750 3188 796 3238 11.

164 3305 280 3376 Recta
295 3305 368 3377 BM
386 3305 536 3400 aequalis
554 3315 610 3376 est
627 3304 729 3377 arcui
748 3304 826 3377 BD.

164 3417 330 3490 Ducatur
346 3442 413 3513 per
429 3419 462 3491 Ο
480 3428 582 3490 recta
598 3440 645 3487 ra
659 3418 833 3512 parallelo
850 3417 927 3506 ΒΟ,
942 3441 1069 3491 secans
1087 3420 1156 3492 ΑΒ

114 3530 153 3601 in
170 3552 193 3599 r
210 3541 247 3602 et
266 3530 327 3603 ΒΟ
341 3530 380 3603 in
397 3553 427 3601 a.
465 3529 558 3602 Cum
576 3551 664 3624 ergo
682 3529 730 3602 sit
746 3542 790 3602 ut
806 3530 868 3603 DS
886 3530 934 3603 ad
952 3531 1010 3604 SC
1027 3532 1080 3605 ita
1094 3533 1157 3606 ΒΟ

117 3643 173 3735 (id
190 3657 248 3714 est
271 3642 353 3734 DC)
382 3642 430 3715 ad
454 3642 538 3730 ΟΜ,
558 3653 597 3714 et
613 3642 869 3738 componendo
886 3655 930 3716 ut
947 3644 1009 3717 DS
1027 3645 1074 3718 ad
1092 3644 1158 3717 DC

113 3758 167 3829 ita
195 3757 257 3830 ΒΟ
274 3757 332 3829 vel
359 3756 424 3829 ΒΟ
450 3757 499 3828 ad
526 3754 615 3844 BM,
632 3779 698 3851 per
726 3757 1022 3852 praecedentem;
1049 3770 1159 3830 erunt

115 3871 185 3958 Ba,
205 3871 279 3960 ΒΟ,
300 3871 373 3943 ΒΜ
392 3871 567 3943 continue
584 3870 878 3966 proportionales
894 3902 903 3956 ;
922 3883 1032 3967 atque
1046 3872 1157 3944 etiam

113 4007 240 4057 earum
258 3983 445 4082 potentiae,
464 4007 596 4079 nempe
613 3985 780 4079 potentia
803 3985 871 4074 Ba,
889 3986 1057 4081 potentia
1082 3983 1157 4073 ΒΟ,

114 4098 282 4194 potentia
307 4098 381 4170 ΒΜ
400 4110 509 4171 erunt
527 4098 703 4171 continue
726 4098 1031 4196 proportionales.
1085 4098 1159 4176 Sed

114 4211 282 4306 potentia
317 4211 378 4284 ΒΟ
413 4210 524 4306 tripla
559 4222 616 4283 est
652 4211 830 4307 potentiae
865 4210 926 4284 CL
961 4211 1037 4283 sive
1072 4210 1157 4283 ΟΜ.

115 4325 241 4398 Quare
258 4325 435 4421 potentiae
459 4336 642 4399 rectarum
662 4326 729 4411 Ba,
749 4322 822 4416 ΒΟ,
842 4325 915 4398 ΒΜ
934 4325 1076 4398 suntin
1100 4348 1158 4398 ra-
