2888 4988
283 397 355 462 224
500 410 764 463 nxnnrnnmo
784 410 834 463 un
853 410 1095 466 uuuununro

94 599 246 642 „1me
282 550 592 625 semicirculorum
612 550 771 648 quidem,
789 563 827 624 et
846 549 1104 647 quadrantem,
1115 559 1152 622 ct
1164 549 1319 622 aliorum

281 675 463 737 sectorum
491 678 617 738 centra
641 664 834 762 gravitatis
859 686 1094 759 cognoscere,
1120 662 1319 735 utilitatem

283 776 444 874 aliquam
471 778 583 852 habet
599 778 647 851 ad
663 802 798 874 magna
814 776 979 867 aedificia,
996 787 1193 872 propterea
1220 775 1320 871 quod

96 681 240 784 AL·-

281 912 370 963 saxa
386 889 541 986 grandia
558 890 641 963 talis
658 889 798 977 formae,
816 912 976 985 appensa
998 912 1021 960 a
1036 888 1172 961 centris
1198 888 1319 983 gravi·

280 1013 399 1075 tatum
416 1026 576 1091 suarum,
595 1003 728 1077 elevari
745 1003 784 1075 in
801 1002 916 1075 altum
934 1011 1086 1098 possunt
1108 1001 1318 1073 horizonta-

281 1116 376 1206 liter,
405 1130 444 1190 ct
468 1117 622 1214 proinde
645 1128 730 1213 apte
760 1116 954 1200 collocari;
982 1115 1080 1212 quod
1109 1115 1216 1189 aliter
1237 1115 1319 1188 fieri

284 1253 362 1303 non
373 1241 506 1326 potest,
524 1231 602 1304 sine
616 1228 733 1302 multo
746 1229 883 1317 labore,
897 1243 1009 1324 atque
1022 1229 1134 1300 ctiam
1155 1228 1318 1324 periculo

282 1366 340 1431 ne,
360 1342 446 1416 dum
462 1343 626 1416 vectibus
645 1342 945 1438 detorqueantur,
963 1341 1233 1437 diffringantur.

330 1455 379 1528 B.
406 1456 556 1554 Redigis
573 1456 663 1528 mihi
679 1456 719 1528 in
735 1455 949 1528 memoriam
965 1453 1127 1528 fabulam
1141 1454 1257 1549 vulpis
1280 1465 1318 1527 ct

280 1568 428 1641 racemi.

329 1681 378 1756 A.
406 1681 522 1755 irride
550 1691 729 1779 quantum
751 1680 911 1754 libuerit.
964 1679 1045 1775 Ego
1075 1680 1154 1753 haeo
1189 1679 1318 1752 nihilo·

280 1795 401 1868 minus
424 1793 627 1890 relinquam
643 1794 715 1866 illis
728 1794 860 1890 quibus
876 1793 1022 1888 longius
1048 1804 1215 1888 speratur
1227 1806 1318 1866 tem-

277 1931 349 2004 pus
382 1907 540 1980 vivendi.
620 1906 742 1979 Credo
777 1918 815 1978 te
849 1907 912 2002 qui
946 1904 1317 1978 demonstrationibus

278 2020 443 2116 legendis
460 2019 623 2093 animum
641 2019 774 2092 acriter
791 2018 982 2092 intendere
1007 2018 1134 2092 solitus
1152 2043 1202 2108 es,
1227 2020 1316 2092 satis

275 2134 354 2228 jam
372 2132 522 2205 tandem
536 2131 778 2227 defatigatum
796 2155 884 2205 esse.

331 2245 381 2318 B.
408 2246 487 2341 Ego
503 2269 590 2318 vero
605 2244 765 2317 minime.
803 2243 975 2317 Delector
992 2243 1090 2316 euim
1107 2245 1315 2341 paradoxis,

278 2359 399 2454 qualia
416 2369 502 2431 sunt
518 2358 609 2446 haec,
624 2382 706 2455 quae
722 2357 877 2454 legimus
889 2357 966 2430 fere
983 2358 1117 2431 omnia.

332 2471 381 2543 A.
410 2470 515 2544 ltanc
529 2471 605 2544 ais?

329 2582 378 2657 B.
406 2583 507 2658 Quid
539 2581 604 2655 ni?
662 2580 771 2656 Quod
804 2593 982 2677 puuctum
1013 2583 1314 2677 magnitudinem,

278 2696 347 2768 etsi
377 2693 573 2792 aliquando
599 2717 675 2767 non
705 2693 984 2782 consideratam,
1008 2694 1166 2790 aliquam
1191 2709 1316 2770 tamen

277 2807 423 2895 habeat,
440 2807 667 2904 paradoxum
684 2831 760 2880 non
777 2806 861 2879 est?

327 2920 375 2992 A.
402 2921 468 2993 Est
481 2920 640 3016 quidem,
653 2919 814 3016 sequutis
828 2918 1020 2992 doctorum
1034 2920 1293 2996 authoritatem
1305 2956 1314 3005 ;

277 3035 467 3108 utentibus
495 3045 619 3107 autem
645 3034 788 3107 ratione
812 3032 973 3129 propria,
991 3033 1217 3128 paradoxum
1239 3060 1315 3109 non

277 3157 344 3220 cst.

328 3259 377 3333 B.
405 3258 516 3334 Quod
532 3258 626 3332 ratio
646 3283 690 3333 ea
706 3259 864 3355 quidem,
883 3282 992 3355 quam
1010 3259 1147 3332 habent
1164 3258 1260 3333 iuter
1277 3285 1315 3334 sc

277 3372 350 3446 duo
367 3372 571 3469 inaequalia,
590 3373 775 3470 quantitas
799 3373 857 3464 sit,
877 3396 1035 3462 cavero,
1054 3396 1162 3469 quam
1179 3374 1316 3450 habent

277 3484 350 3558 duo
385 3486 550 3582 aequalia,
585 3486 771 3581 quantitas
802 3509 877 3559 non
911 3484 970 3571 sit,
995 3485 1221 3581 paradoxum
1246 3500 1314 3562 est.

278 3596 389 3674 Quod
405 3599 444 3671 in
461 3598 579 3671 tribus
596 3597 768 3672 continue
793 3598 1139 3694 proportionalibus,
1158 3623 1315 3696 quorum

275 3713 433 3808 primum
461 3721 516 3785 est
545 3711 748 3801 minimum,
777 3712 870 3785 ratio
896 3712 1006 3807 primi
1031 3712 1079 3785 ad
1113 3712 1314 3786 secundum

275 3824 434 3898 semissis
460 3833 516 3898 est
540 3825 693 3898 rationis
722 3825 831 3920 primi
856 3825 904 3898 ad
930 3825 1099 3899 tertium:
1126 3825 1225 3923 quod
1250 3851 1314 3900 an-

273 3938 381 4033 gulus
410 3936 619 4011 rectilineus
649 3946 704 4011 est
730 3937 916 4032 quantitas
947 3940 1194 4012 conversionis
1221 3940 1314 4013 radii

273 4052 372 4125 circa
389 4062 578 4124 centrum:
607 4049 706 4146 quod
736 4050 890 4146 angulus
917 4062 1108 4125 contactus
1125 4064 1182 4125 cst
1199 4077 1312 4149 quau-

273 4165 373 4254 titas,
406 4189 484 4239 esse
511 4176 635 4237 tamen
670 4164 824 4260 angulos
847 4164 895 4237 ad
920 4188 1012 4261 quos
1042 4165 1103 4238 ille
1133 4166 1313 4238 rationem

271 4275 405 4352 habeat
431 4277 591 4351 nullam:
619 4276 751 4351 deiude
782 4277 855 4368 illa,
886 4301 967 4373 quae
996 4277 1083 4352 hinc
1117 4277 1312 4368 deduxisti,
