2888 4988
537 409 790 464 nurntcnmo
811 409 924 464 cunr.
1175 392 1246 461 381

213 581 298 644 sunt
314 594 400 646 vere
418 572 610 669 quadrata,
627 584 666 647 et
684 573 781 663 cubi,
798 584 838 647 et
855 571 984 649 solida.
1031 572 1252 646 ‘Arithmeti-

213 708 342 758 corum
367 697 489 760 autem
514 687 657 760 numeri
683 686 866 785 quadrati,
891 685 1035 760 numeri
1066 685 1163 775 cubi,
1183 708 1253 758 nu-

213 797 305 871 meri
338 798 451 895 plani,
479 799 735 896 triangulares,
764 799 993 897 pyramidici,
1020 800 1150 895 figurae
1175 821 1252 871 non

213 921 311 1000 suut,
338 911 403 984 sed
430 922 582 1008 propter
611 911 889 987 similitudinem
918 911 1077 1009 aliquam
1111 911 1151 984 in
1178 909 1252 983 situ

211 1040 434 1123 punctorum
461 1029 515 1103 sic
535 1029 733 1127 appellati;
759 1054 828 1104 nec
856 1029 983 1103 ductio
1010 1028 1119 1100 lincae
1141 1026 1180 1099 in
1208 1024 1252 1098 li-

211 1164 319 1214 neam
337 1140 593 1238 multiplicatio
610 1166 773 1240 unquam
790 1153 891 1216 recte
909 1139 1054 1229 dicitur,
1068 1137 1139 1212 nisi
1155 1138 1255 1212 linea

210 1252 489 1350 multiplicando
519 1255 628 1328 toties
658 1266 835 1344 sumatur,
860 1265 951 1351 quot
977 1262 1064 1326 suut
1090 1250 1130 1323 in
1153 1250 1255 1325 linea

211 1366 478 1465 multiplicante
494 1379 645 1464 puncta,
659 1367 699 1440 id
712 1378 781 1457 est,
793 1366 865 1440 nisi
880 1365 1057 1439 infinities
1074 1374 1253 1455 sumatur,

210 1489 255 1551 ut
276 1480 343 1553 fiat
366 1481 589 1578 superficies.
640 1481 770 1578 Itaque
787 1480 849 1577 qni
873 1479 1098 1577 multiplicat
1118 1477 1255 1553 lineam

210 1615 277 1688 per
299 1616 504 1685 numerum,
524 1593 753 1691 superficiem
775 1617 852 1667 non
876 1593 994 1677 facit3
1020 1616 1090 1666 nec
1107 1591 1170 1688 qni
1194 1614 1255 1665 su-

210 1705 397 1802 perficiem
413 1730 479 1804 per
495 1729 689 1781 numerum
705 1705 939 1803 multiplicat,
955 1705 1066 1780 faciet
1090 1726 1255 1800 unquam

211 1818 380 1894 solidum.
433 1819 503 1894 His
518 1819 659 1917 positis,
678 1819 859 1895 calculum
881 1818 1063 1892 examino.
1116 1817 1196 1910 DY,
1214 1817 1255 1890 in

210 1932 331 2029 figura
345 1932 475 2029 prima,
488 1933 668 2031 aequalem
682 1957 761 2008 esse
777 1933 898 2031 triplae
916 1932 984 2006 DV
1001 1932 1122 2006 minus
1139 1930 1255 2004 latere

212 2045 381 2141 quadrati
398 2046 547 2144 aequalis
573 2047 685 2144 duplo
704 2046 883 2144 quadrato
904 2069 928 2121 a
950 2046 1030 2137 DV,
1045 2055 1149 2120 recte
1175 2043 1256 2140 qui-

210 2156 296 2230 dem
312 2157 416 2247 vidit,
429 2170 467 2232 et
478 2158 634 2256 proinde
647 2159 805 2256 aequatio
818 2158 881 2232 illa
895 2158 1088 2233 DY=3-
1102 2166 1155 2231 d2
1167 2179 1257 2231 vera

208 2282 281 2344 est.
322 2270 397 2346 Sed
412 2270 580 2368 proxima
596 2271 767 2369 aequatio,
784 2270 909 2345 Dx=
922 2257 1109 2360 433'2‘2',
1126 2270 1257 2343 insana

210 2395 280 2458 est.
331 2384 451 2459 Causa
468 2395 592 2459 autem
609 2408 722 2482 qnare
738 2408 864 2459 veram
879 2408 959 2458 esse
985 2382 1158 2470 credidit,
1175 2381 1256 2456 haec

211 2506 279 2572 est.
316 2496 494 2572 Posuerat
510 2497 615 2572 initio
632 2497 786 2572 Dv=1.
815 2497 1001 2572 Quoniam
1018 2519 1106 2592 ergo
1124 2495 1205 2585 DV,
1216 2493 1257 2568 id

209 2622 266 2685 cst
293 2619 324 2701 1,
353 2610 440 2702 DX,
458 2620 533 2685 3-
546 2614 613 2701 dl,
636 2622 723 2685 sunt
750 2609 925 2685 continue
950 2608 1255 2708 proportionales,

212 2723 464 2820 multiplicatis
484 2723 581 2798 inter
597 2746 636 2797 se
653 2724 826 2798 extremis
849 2731 863 2798 l
886 2736 924 2798 et
947 2732 1022 2798 3-
1037 2719 1256 2829 dQedia

212 2835 253 2909 id
280 2847 336 2910 est
361 2835 448 2926 DX,
477 2836 547 2911 erit
574 2836 679 2910 radix
705 2836 890 2934 producti,
917 2836 1039 2911 idest
1071 2846 1176 2910 43-
1190 2844 1257 2908 d2·

214 2948 312 3022 Nam
341 2949 380 3022 in
408 2948 716 3046 multiplicatione
747 2949 979 3023 arithmetica
1007 2948 1131 3022 unitas
1163 2945 1258 3020 nihil

213 3073 345 3135 mutat.
399 3062 472 3135 Sed
488 3061 587 3136 linea
609 3062 677 3136 DV
695 3062 938 3160 multiplicata
960 3062 998 3135 in
1017 3063 1086 3137 DY
1110 3061 1259 3146 lineam,

213 3174 303 3248 facit
316 3174 581 3272 rectangulnm,
599 3175 696 3251 inter
713 3177 817 3271 cujus
833 3175 951 3249 latero
961 3173 1041 3266 DY,
1048 3173 1118 3248 DV
1136 3169 1259 3247 media

213 3288 498 3385 proportionalis
515 3300 572 3362 est
588 3289 673 3363 DX.

265 3399 363 3475 Quia
384 3423 473 3497 ergo
499 3400 567 3474 DV
591 3400 742 3498 aequalis
767 3411 824 3475 est
850 3407 883 3491 1,
908 3400 980 3475 erit
999 3404 1259 3501 rectiangulum
1377 3481 1380 3485 .

214 3513 281 3587 sub
299 3512 378 3603 DY,
397 3512 466 3587 DV
479 3513 618 3610 aequale
636 3514 693 3587 sui
716 3514 830 3611 ipsius
846 3513 966 3604 lateri,
984 3513 1024 3589 id
1039 3527 1096 3589 est
1116 3518 1175 3613 (nt
1192 3542 1260 3593 no-

214 3626 290 3700 tavi
307 3625 433 3723 supra)
453 3626 522 3700 DY
538 3625 714 3701 infinities
730 3638 877 3723 sumpta
894 3626 1045 3723 aequalis
1063 3639 1119 3703 est
1135 3628 1257 3705 eidem

213 3737 282 3814 DV
313 3739 425 3813 semel
454 3749 621 3836 sumptae.
673 3739 786 3815 Quod
815 3738 906 3812 mihi
934 3740 1085 3839 quidem
1111 3742 1259 3817 videtur

212 3852 395 3942 insanum,
414 3851 480 3926 sed
495 3851 694 3926 lectoribus
710 3852 796 3926 nolo
814 3852 1069 3949 praejudicare.

263 3965 419 4055 oense,
437 3965 537 4062 quoa
553 3965 645 4040 dicit
661 3974 737 4040 a-
750 3975 804 4041 ta
827 3965 867 4039 in
898 3949 1075 4042 uzi-‘va
1093 3991 1172 4043 esse
1192 3969 1260 4042 tri.

213 4078 282 4152 bus
306 4078 388 4168 DV,
400 4078 485 4168 DX,
496 4077 565 4153 DY
584 4078 625 4153 in
651 4079 797 4153 ratione
824 4078 1001 4153 continua
1022 4091 1204 4177 quartam,
1220 4091 1261 4155 et

215 4190 392 4290 aequalem
424 4200 458 4270 l.
468 4193 542 4274 997
570 4190 671 4279 fere;
695 4190 883 4284 nimirum,
909 4215 1066 4289 quarum
1098 4193 1260 4292 partium
