2888 5002
394 451 674 505 rsosnnmurs
694 452 885 504 rnrsrca.
1090 437 1162 515 357

113 649 116 655 ·
165 612 212 686 B.
241 615 280 687 si
308 626 408 689 terra
430 619 550 691 omnis
577 618 624 691 sit
647 618 813 713 ejusdem
835 619 994 714 generis,
1015 621 1083 693 fiet
1105 644 1161 694 re·
1204 645 1273 687 car.
1289 647 1344 687 vn.

112 724 246 800 fractio
264 752 390 802 versus
408 714 761 826 perpendicularem.
818 731 915 804 Nam
933 732 1046 805 etiam
1071 744 1160 806 tunc
1174 717 1345 830 &W

113 852 235 913 motus
266 843 461 937 parallelus
491 845 530 916 in
559 844 679 939 primo
706 844 875 940 ingressu
902 868 925 918 a
950 845 1161 919 resistentia
1172 836 1317 893 ΝΜ
1333 842 1376 881 ’ω’

115 952 379 1029 debilitabitur.

165 1069 214 1141 Α.
243 1069 352 1143 Unde
369 1072 412 1143 fit
435 1084 478 1143 ut
494 1070 581 1166 pila,
592 1069 624 1143 si
641 1070 679 1142 in
696 1069 849 1143 fluvium
867 1070 1037 1144 mittatur
1053 1070 1160 1144 valde

112 1180 273 1277 oblique,
287 1196 541 1281 penetretque,
556 1184 805 1280 repercutitur
821 1195 946 1256 tamrm
963 1185 1002 1256 in
1015 1185 1159 1258 aerem?

162 1293 210 1369 B.
238 1294 399 1370 Quando
423 1297 498 1393 pila
519 1296 627 1370 valde
653 1296 801 1393 oblique
828 1297 1022 1388 emittitur,
1042 1323 1158 1394 qnan-

112 1431 224 1505 quam
241 1421 364 1483 motus
386 1410 490 1484 velox
516 1411 575 1498 sit,
596 1432 763 1483 accessus
794 1421 918 1483 tamen
947 1409 994 1482 ad
1024 1433 1160 1506 aquam

112 1520 284 1596 deorsum
315 1523 443 1596 tardus
470 1536 538 1597 est.
590 1523 639 1595 Et
672 1546 757 1595 cum
787 1524 997 1607 accesserit,
1026 1547 1157 1621 aquam

111 1645 198 1708 ante
212 1659 251 1707 se
264 1636 418 1709 multam
431 1636 536 1732 pellit
548 1636 722 1731 cogitque
735 1658 927 1732 assurgere
940 1667 949 1719 ;
968 1661 1051 1733 quae
1062 1660 1159 1733 aqua

110 1748 274 1843 pondere
292 1749 442 1845 proprio
456 1749 581 1823 statim
597 1748 768 1822 deorsum
786 1750 924 1834 tendit;
942 1749 1041 1823 unde
1057 1751 1103 1823 fit
1114 1763 1158 1824 ut

110 1883 208 1956 aqua
234 1863 362 1935 subter
388 1864 505 1959 ipsam
527 1862 642 1959 pilam
665 1862 853 1952 ascendat,
872 1863 981 1961 idque
1005 1888 1090 1937 cum
1113 1887 1157 1938 ea

110 1973 148 2043 vi
166 1998 247 2071 quae
266 1976 354 2049 satis
378 1977 427 2049 sit
450 1975 664 2049 descensum
681 1977 766 2073 pilae
789 1978 827 2049 in
852 2001 949 2073 aqua
971 2002 1155 2074 superare,

111 2097 148 2158 et
167 2110 310 2160 sursum
328 2087 476 2183 pellere,
490 2113 535 2161 eo
553 2088 663 2162 modo
674 2114 747 2186 quo
763 2090 845 2163 fieri
862 2092 956 2165 solet
972 2092 1010 2165 in
1029 2092 1157 2165 reflec-

110 2199 223 2273 tione.

160 2311 209 2386 A.
238 2312 323 2387 Quo
351 2326 454 2386 motu
483 2314 676 2408 (quoniam
703 2315 855 2388 effectus
883 2339 1010 2389 omnes
1039 2317 1157 2389 motui

109 2426 276 2518 ascribis)
292 2426 431 2499 ferrum
448 2425 496 2499 ad
513 2449 552 2498 se
569 2426 683 2500 trahit
702 2428 881 2523 magnes?

160 2540 210 2612 B.
237 2539 378 2613 Eodem
389 2552 491 2613 motu
503 2563 612 2636 quem
626 2542 883 2637 supposuimus
894 2553 980 2614 onte
993 2542 1153 2614 interra.

111 2652 333 2749 Quanquam
344 2664 469 2726 autem
479 2667 602 2750 partes
616 2654 777 2726 minimae
789 2668 1032 2727 terraeomncs
1043 2654 1155 2728 talem

108 2766 270 2840 habeant
286 2780 441 2852 motum,
459 2791 533 2841 non
552 2782 676 2841 tamen
694 2769 924 2864 suppositum
949 2780 1005 2840 est
1028 2791 1154 2841 earum

108 2881 418 2977 reciprocationes
435 2882 594 2977 aequales
612 2904 703 2970 esse,
722 2903 841 2977 neque
863 2880 991 2953 iisdem
1013 2893 1154 2977 tempo-

107 2994 211 3067 ribus
233 2993 372 3090 perfici,
394 3016 513 3090 neque
536 3017 647 3091 super
670 2993 765 3091 polis
788 2992 931 3082 iisdem,
949 3004 1014 3066 aut
1035 2992 1155 3088 paral·

108 3106 201 3180 lelis.
237 3107 333 3180 Nam
348 3107 378 3178 si
396 3106 450 3179 ita
468 3117 576 3194 esset,
590 3129 746 3203 corpora
763 3107 890 3180 omnia
905 3106 1097 3200 aequaliter
1114 3129 1153 3179 se

109 3231 239 3292 mutuo
262 3219 503 3292 attraherent.
555 3219 654 3294 Nam
684 3243 883 3293 consensus
910 3218 994 3291 talis
1021 3229 1153 3306 motus,

108 3334 189 3421 viae,
206 3332 422 3421 velocitatis
437 3343 475 3405 et
491 3332 673 3428 polorum,
690 3333 769 3405 lieri
787 3356 862 3405 non
880 3343 1001 3428 potest
1015 3331 1153 3427 absque

109 3447 370 3543 conjunctione
387 3446 550 3542 ipsorum
566 3446 606 3520 in
624 3456 751 3519 centro
768 3457 891 3518 motus
908 3468 1035 3518 eorum
1052 3469 1153 3519 com-

108 3560 224 3633 muni.

160 3674 289 3769 Itaque
307 3674 338 3746 si
358 3672 447 3746 ferri
469 3683 605 3745 natura
627 3695 711 3744 cum
735 3681 869 3743 natura
893 3671 1077 3766 magnetis
1100 3669 1154 3742 ita

109 3788 319 3874 conveniat,
337 3799 380 3859 ut
395 3798 538 3859 motum
556 3785 712 3859 similem
731 3786 811 3881 ejus
834 3784 899 3880 qui
916 3795 973 3856 est
995 3784 1035 3857 in
1051 3806 1154 3878 mag-

108 3910 207 3988 nete,
235 3899 344 3973 facile
373 3901 540 3995 recipiat,
573 3923 617 3972 eo
648 3897 758 3971 modo
790 3921 863 3994 quo
894 3897 985 3993 lyrae
1015 3894 1155 3969 chorda

108 4014 242 4111 recipit
267 4023 409 4086 motum
430 4014 582 4086 alterius
599 4011 749 4085 chordae
767 4011 936 4085 similiter
953 4021 1089 4083 tensae:
1114 4007 1154 4081 id

109 4127 208 4224 qnod
226 4126 421 4200 verisimile
447 4140 514 4210 est,
533 4126 619 4222 quia
644 4147 798 4220 magnes
821 4125 961 4220 species
984 4121 1153 4219 quaedam

108 4256 164 4316 cst
183 4243 334 4315 minerae
351 4241 501 4313 ferreae:
529 4263 679 4312 necesse
698 4252 756 4312 est
778 4251 864 4336 post
888 4248 1030 4310 motum
1053 4258 1154 4331 mag·

108 4357 204 4431 netis
220 4365 422 4452 receptum,
439 4368 483 4427 ut
498 4353 637 4426 ferrum
656 4351 704 4426 ad
717 4362 938 4448 magnetem,
952 4351 1022 4424 nisi
1039 4350 1154 4446 impe-
