2888 5002
375 419 691 471 nsrnnnnmcm
712 419 954 470 nomenata.
1137 405 1188 469 65

195 585 348 659 Decima
373 601 481 660 sexta
505 599 585 670 est;
617 586 684 659 luoc
710 612 795 659 vero
821 595 999 684 puuctum
1025 595 1188 658 centrum

144 699 278 772 circuli
294 699 536 797 appellatum
563 700 687 789 idest,
705 714 883 795 punctum
901 699 1001 795 quod
1021 699 1059 771 in
1076 723 1188 795 gene-

144 813 287 885 ratione
314 813 442 886 circuli
469 814 694 910 quiescebat.
746 813 899 886 Decima
926 812 1081 908 septima
1108 814 1187 886 haec

1226 612 1377 651 utanocus

1230 693 1373 795 -L

143 939 223 1010 est;
249 926 427 999 diameter
444 937 568 1000 autem
585 926 719 999 circuli
736 935 794 998 eet
813 936 917 998 recta
933 925 1099 1023 quendum
1111 951 1188 1022 per
1232 969 1236 977 ·

142 1048 307 1111 centrum
324 1038 446 1127 ductu,
464 1049 502 1112 ct
519 1064 567 1112 cc
580 1049 740 1136 utruque
750 1048 867 1136 parte
886 1039 924 1111 in
936 1038 1072 1112 circuli
1080 1040 1188 1136 peri-

136 1149 278 1246 pheria
308 1151 520 1241 terminata,
553 1138 631 1249 pam
661 1152 838 1225 circulum
869 1152 1048 1249 bifariam
1069 1162 1186 1226 aeaut.

144 1263 188 1335 In
205 1288 280 1360 qua
293 1265 385 1338 nihil
399 1279 456 1337 est
473 1290 546 1338 non
560 1279 785 1353 accuratum,
802 1266 872 1338 nisi
886 1265 986 1361 quod
1003 1282 1188 1361 postrema

142 1377 266 1465 verba,
300 1402 383 1476 quen
416 1378 596 1451 circulum
629 1376 807 1474 bffuriam
840 1389 955 1466 secat,
986 1379 1186 1453 abundent.

143 1487 318 1563 Definitio
353 1491 451 1564 enim
485 1490 656 1564 diametri
690 1491 858 1563 absoluta
891 1505 972 1563 erat
1006 1491 1084 1565 sine
1116 1493 1186 1565 illis

142 1603 286 1688 verbis;
313 1627 398 1700 quae
423 1605 520 1677 inter
544 1606 741 1693 axiomata,
765 1603 823 1676 vel
849 1604 974 1700 potius
1000 1605 1098 1677 inter
1123 1605 1186 1678 de·

143 1729 350 1790 monstrata
365 1718 606 1806 theoremata,
624 1717 796 1813 ponenda
812 1733 930 1790 erant.

194 1828 436 1904 Definitiones
461 1843 605 1904 caeterae
628 1855 745 1927 nsque
768 1830 816 1902 ad
839 1831 1062 1904 tricesimam
1080 1832 1186 1926 quin-

143 1956 323 2039 tam,quae
337 1944 519 2017 Elementi
530 1945 641 2041 primi
654 1959 841 2040 postrema
855 1957 921 2034 est,
935 1959 978 2017 ut
992 1945 1186 2034 facillimae,

143 2053 196 2128 ita
222 2057 334 2130 etiam
367 2059 652 2131 accuratissima
680 2073 776 2131 sunt.
839 2059 924 2155 Ipsa
948 2075 1072 2132 autem
1103 2083 1187 2155 pos-

143 2182 262 2242 trema
283 2168 364 2242 haec
387 2182 444 2243 est
474 2170 694 2267 :parallelre
713 2181 800 2244 aunt
822 2170 928 2244 linere
954 2183 1077 2262 rectoe,
1104 2197 1188 2271 quea

141 2305 222 2353 cum
247 2283 286 2355 in
311 2283 437 2356 eodem
461 2285 538 2357 sint
556 2283 685 2381 plano,
710 2294 747 2357 et
769 2303 825 2357 en'
838 2295 997 2381 utroque
1012 2295 1132 2382 porte
1149 2287 1187 2357 in

142 2394 320 2488 irpinitam
335 2396 609 2493 producantur,
635 2398 674 2471 in
696 2408 864 2471 neutram
887 2397 961 2469 sibi
984 2408 1106 2470 neutuo
1131 2399 1186 2469 in-

140 2505 280 2581 ciduut.

192 2621 241 2694 B.
271 2620 373 2696 Quid
389 2623 427 2694 in
445 2623 515 2696 hac
539 2622 753 2696 definitione
771 2621 1036 2717 reprehendis?

191 2735 241 2808 A.
269 2735 529 2809 Definitionem
564 2735 661 2809 hanc
694 2735 951 2832 parallelarum
986 2746 1182 2824 rectarum,

142 2848 243 2944 quod
259 2850 396 2922 attinet
412 2849 461 2923 ad
477 2873 596 2939 usum,
623 2851 712 2923 satis
731 2850 868 2923 bonam
885 2872 965 2920 esse
982 2872 1056 2920 non
1075 2871 1183 2943 nego.

143 2961 217 3035 Sed
244 2963 417 3058 quoniam
447 2962 713 3059 parallelismus
739 2963 871 3049 omnia,
898 2975 975 3034 tam
1000 2976 1185 3035 rectarum

142 3098 253 3171 quam
276 3100 483 3165 curvarum,
511 3091 588 3150 tam
618 3077 796 3149 linearum
831 3100 941 3172 quam
972 3077 1182 3171 superficie-

141 3212 237 3278 rum,
250 3189 416 3287 ejusdem
429 3201 487 3263 est
503 3201 659 3278 naturae,
673 3202 712 3262 et
723 3213 797 3262 una
810 3188 1025 3261 definitione
1039 3190 1183 3262 univer-

140 3303 208 3376 sali
233 3304 595 3399 comprehensibilis:
627 3303 763 3375 rectius
787 3302 942 3375 fortasse
968 3301 1127 3391 fecisset,
1152 3304 1184 3375 si

140 3416 334 3512 parallelas
376 3417 591 3513 simpliciter
625 3416 823 3489 definisset.
899 3416 1082 3488 Praeterea
1115 3418 1184 3489 nisi

140 3552 252 3604 cansa
272 3529 396 3627 aliqua
417 3531 457 3603 in
481 3529 695 3603 definitione
717 3527 974 3625 parallelarum
1001 3541 1184 3601 rectarum

140 3655 328 3740 appareat,
349 3667 462 3739 quare
486 3644 568 3717 duae
594 3654 705 3716 rectae
728 3666 917 3737 nunquam
949 3656 1183 3730 concurrant,

140 3756 341 3829 absurdum
359 3781 434 3830 non
459 3757 530 3829 erit
554 3757 586 3829 si
616 3754 825 3853 hujusmodi
849 3755 963 3827 lineas
994 3755 1183 3850 possibiles

140 3891 221 3941 esse
237 3868 504 3965 negaverimus.

192 3980 241 4054 B.
267 3982 390 4055 Defini
407 4006 495 4078 ergo
512 3981 727 4077 simpliciter
744 3979 947 4075 parallelas,

190 4095 240 4168 A.
267 4093 1027 4192 Ducelineae.quaecunque,aircrectoeeloe
1044 4115 1182 4174 curan,-

138 4210 227 4282 r'tem
244 4207 329 4281 duae
344 4208 574 4306 superficies,
584 4206 713 4304 planca
729 4205 787 4278 uel
802 4231 872 4278 non
892 4207 1034 4305 planca,
1047 4203 1182 4300 purul-

135 4321 222 4396 leloe
237 4332 335 4407 aaut,
352 4322 391 4395 in
408 4347 498 4420 qaae
515 4321 720 4396 incidentes
737 4320 843 4394 linere
859 4317 1181 4416 rectaefirrieutes-

241 4458 335 4511 von.
355 4458 411 4510 ιν.
1061 4453 1083 4504 n
