2888 4988
144 1170 358 1223 cuunmsmo
381 1171 469 1222 VIRO
491 1171 635 1223 DOMINO
656 1173 847 1234 VERDUSIO
869 1173 991 1224 NOBILI
1013 1173 1214 1236 AQUITANO

594 1319 762 1416 xadpflv.

108 1574 689 1665 Oan1sslnnVannusl‚mitto
714 1576 763 1650 ad
785 1587 822 1649 te
840 1575 1003 1649 libellum
1026 1599 1154 1648 recens
1178 1574 1252 1648 edi·

107 1721 201 1799 tum,
218 1708 286 1782 tibi
302 1709 362 1798 do,
380 1720 418 1783 et
436 1709 579 1783 dedico.
632 1709 766 1799 Primo,
784 1709 872 1806 quia
887 1708 1110 1806 placiturum
1129 1709 1252 1783 credo.

108 1847 134 1882 “
152 1840 295 1915 Mihine
328 1842 450 1930 tnus”,
485 1840 652 1938 inquies;
688 1847 712 1882 “
730 1843 890 1916 hominis
915 1840 1127 1916 haeretici?”
1195 1841 1253 1929 Ne

109 1977 348 2052 tumultuare.
399 1972 503 2051 Nihil
528 1977 589 2051 hic
615 1977 789 2066 invenies»,
816 1977 916 2074 quod
940 2001 1016 2050 non
1033 1977 1151 2072 possis
1176 1976 1254 2050 aine

110 2111 284 2187 scandalo
302 2112 466 2186 ecclesiae
490 2123 566 2186 tuae
583 2113 799 2210 approbare.
851 2112 1071 2200 Geometria,
1090 2111 1121 2184 si
1138 2110 1256 2185 haere-

111 2246 187 2322 tica
203 2258 273 2337 est,
290 2256 395 2321 tanto
413 2246 509 2320 forte
529 2246 757 2343 probabilior
779 2259 847 2320 est.
898 2246 943 2319 In
960 2245 1139 2320 doctrinis
1157 2246 1256 2319 enim

111 2402 204 2477 pure
226 2379 409 2468 humanis,
426 2378 520 2452 nihil
546 2391 622 2454 tam
641 2380 873 2454 Catholicum
901 2390 958 2453 est
983 2403 1094 2475 quam
1120 2403 1256 2456 errare.

114 2512 374 2587 condonemus
383 2535 472 2608 ergo
483 2524 625 2603 mutuo,
636 2524 678 2587 ut
692 2512 890 2586 Homerica
902 2513 1044 2609 loquar,
1056 2511 1106 2584 σοὶ
1115 2517 1171 2605 μὲν
1181 2509 1256 2612 ἔγω,

114 2650 153 2721 σὺ
171 2648 203 2721 δὲ
219 2646 286 2740 μοὶ,
304 2671 349 2721 ea
365 2670 447 2743 quaa
465 2646 606 2721 diverse
624 2647 818 2722 didicimus
835 2649 874 2721 in
888 2648 1022 2721 Sacris.
1074 2647 1257 2739 Secundo,

115 2782 202 2879 quia
224 2781 414 2877 ingenium
443 2794 548 2855 tuum
570 2781 658 2856 novi
679 2782 847 2872 liberum,
865 2781 1076 2872 candidum,
1094 2795 1257 2856 acutum.

115 2917 317 3006 Postremo,
337 2915 424 3013 quia
440 2916 639 2990 amicitiam
665 2927 831 2991 nostram
855 2916 979 3012 aliquo
1006 2916 1117 2990 modo
1135 2915 1259 3012 signa-

115 3059 194 3124 tam
219 3072 298 3124 esse
322 3049 448 3133 volui;
475 3074 544 3124 nec
570 3050 642 3125 alio
668 3050 785 3148 potui.
822 3045 950 3125 ‘Quod
975 3061 1052 3124 tam
1077 3049 1204 3147 paucis
1220 3060 1259 3123 te

115 3184 294 3281 alloquar,
318 3183 350 3258 si
374 3183 414 3257 id
440 3208 587 3282 quoque
611 3184 784 3259 amicitiae
810 3184 994 3275 tribueris,
1019 3184 1133 3259 facies
1159 3183 1260 3280 quod

117 3343 265 3417 aequum
282 3331 350 3395 est.
402 3319 504 3393 Vale.

378 3502 576 3575 Servorum
594 3514 743 3576 tucrum
761 3499 1111 3598 obsequentissimus

157 3697 220 3757 λιιι.
239 3701 325 3757 1660.
815 3674 992 3748 Tannus
1022 3674 1210 3748 Hoanns.
