2888 5002
327 428 641 483 uurnnusrrom
662 429 906 482 normann.
1078 412 1147 494 197

157 596 205 670 B.
232 597 649 695 Estamquaaquaesiti
662 598 925 695 suppositione,
935 596 1147 692 pervenitur
1183 621 1334 664 numcus

107 734 174 807 per
191 712 470 806 consequentias
487 711 536 784 ad
550 734 649 799 vera,
675 722 817 784 naturae
846 709 975 783 ordine
1000 709 1145 805 priora:
1187 703 1330 807 ,ξύ

108 833 147 893 et
165 823 383 919 synthetica,
399 847 472 919 qua
484 824 683 920 reciproce,
701 847 725 896 a
740 822 836 896 veris
849 822 1033 918 prioribus
1049 823 1150 896 veni·

110 951 172 1011 tur
187 938 235 1011 ad
248 940 393 1034 quaesiti
407 940 690 1014 conclusionem.

160 1052 210 1124 Α.
236 1052 407 1125 Euclides
421 1076 510 1150 ergo
528 1066 567 1127 et
583 1053 708 1126 caeteri
725 1053 870 1149 antiqui
900 1076 944 1126 ea
970 1063 1149 1150 perpetuo

109 1164 165 1237 usi
183 1175 281 1238 sunt.
351 1165 452 1239 Quid
481 1166 592 1252 enim,
610 1190 694 1239 cum
722 1165 821 1261 apud
848 1165 932 1239 illos
961 1165 1151 1240 theorema

109 1276 201 1373 legis
220 1276 319 1374 quod
335 1277 466 1374 incipit
483 1302 506 1351 a
523 1277 578 1367 Si,
595 1300 717 1351 nonne
733 1302 806 1351 vox
834 1277 897 1350 illa
923 1277 969 1351 Si
997 1276 1151 1352 denotat

110 1389 249 1486 aliquid
266 1413 345 1462 esse
363 1391 617 1487 suppositum?
668 1391 836 1486 Exempli
859 1391 1001 1486 gratiam
1027 1413 1151 1487 aeqna-

109 1502 252 1575 litatem
269 1502 501 1598 angulorum,
518 1502 618 1576 unde
634 1526 701 1599 per
712 1503 993 1599 consequentias
1006 1503 1152 1578 venitur

111 1615 160 1688 ad
175 1614 324 1711 aliquod
341 1597 454 1712 prius,
473 1640 556 1711 quae
573 1629 629 1689 est
645 1615 834 1711 aequalitas
850 1616 1021 1690 laterum.
1057 1616 1151 1690 Haec

111 1739 235 1801 autem
253 1739 309 1801 est
322 1730 493 1826 analysis.
545 1729 688 1803 Deinde
710 1729 910 1826 reciproce,
929 1752 975 1801 ex
1001 1729 1152 1825 aequali-

111 1855 188 1915 tete
227 1842 384 1915 laterum
423 1843 656 1916 concluditur
695 1842 885 1938 aequalitas
919 1842 1150 1938 angulorum,

112 1954 213 2050 quod
229 1967 315 2027 ante
333 1967 413 2028 erat
428 1957 646 2051 quaesitum
666 1980 748 2053 quae
765 1968 820 2029 est
838 1956 1031 2053 synthesis.
1076 1957 1152 2031 Ita-

112 2091 182 2162 que
199 2091 246 2140 ne
263 2067 373 2140 crede
386 2069 623 2165 symbolicam
634 2069 729 2142 hanc
740 2069 956 2142 hodiernam
967 2070 1152 2146 veteribus
1264 2132 1268 2136 .

111 2180 151 2253 in
168 2205 236 2254 usu
252 2181 377 2268 fuisse,
394 2193 458 2254 aut
476 2183 626 2257 omnino
644 2182 842 2278 cognitam,
861 2205 990 2279 neque,
1005 2195 1046 2255 ut
1072 2184 1152 2279 qui-

113 2293 198 2366 dam
221 2294 373 2366 nimium
395 2295 509 2367 astuti
532 2295 699 2369 homines
725 2295 862 2385 dixere,
893 2295 1017 2368 nescio
1044 2320 1154 2391 quam

112 2407 160 2480 ob
177 2430 337 2493 causam,
358 2406 635 2481 dissimulatam.
689 2407 763 2481 Sed
790 2408 956 2482 Wallisio
984 2406 1152 2483 laudato·

112 2518 285 2615 ribnsque
303 2521 382 2617 ejus
398 2544 498 2594 nunc
515 2520 669 2610 amissis,
687 2531 944 2595 convertamur
958 2519 1101 2594 adalia.

395 3157 647 3234 DlALOGUS
675 3159 879 3234 SEXTUS.

480 3560 536 3611 DE
564 3559 789 3613 crcnomn.

165 3673 215 3750 B.
242 3676 328 3750 Post
361 3675 549 3772 cognitam
579 3676 845 3752 dimensionem
870 3670 1012 3769 circuli,
1037 3677 1153 3751 latere

113 3814 189 3863 non
206 3802 330 3885 potest
347 3788 525 3863 dimensio
543 3791 730 3887 cycloidis.

163 3900 209 3976 A.
235 3905 292 3976 En
309 3904 377 3977 tibi
395 3903 441 3976 de
455 3903 619 4000 cycloide
629 3904 897 4001 propositiones
908 3903 1038 4002 viginti
1049 3903 1152 3976 duas.

479 4103 731 4156 nuorosrrro
758 4105 785 4156 1.

164 4219 221 4294 Sit
235 4220 486 4294 semicirculus
504 4221 624 4311 Bon,
643 4224 747 4319 cujus
774 4166 942 4294 celtarum
960 4220 1004 4292 A.
1058 4218 1151 4312 Sup-

114 4345 346 4430 ponaturque
359 4346 538 4432 punctum
558 4335 588 4408 B
606 4334 745 4409 moveri
761 4333 992 4409 uniformiter
1007 4330 1045 4404 in
1064 4354 1153 4404 arcu
