2888 4988
269 392 343 459 428
411 408 465 460 nn
486 407 718 461 uniuersus
738 410 790 462 ns
807 407 1173 462 sarsocmsrroun

75 601 144 643 oss.
160 602 224 643 xiv.
268 573 459 672 exprimit,
476 599 550 647 non
569 586 669 648 recte
687 587 809 648 autem
827 575 1051 648 arithmetici
1069 574 1200 648 dicunt
1218 597 1321 663 esse,

71 671 227 778 ὦ
270 710 412 783 nempe,
426 687 652 784 quotientem
672 686 861 761 divisionis
878 688 1022 763 numeri
1039 711 1106 784 per
1118 710 1322 761 numerum

72 795 164 842 Μ·
269 822 347 872 esse
382 803 564 874 rationem
598 802 715 897 ipsam
750 801 857 875 divisi
890 801 939 874 ad
968 801 1187 875 divisorem:
1216 800 1321 874 unde

269 912 386 986 multa
402 914 441 985 in
457 915 699 1009 geometriam
717 914 943 1010 irrepserunt
963 915 1132 1005 absurda,
1152 928 1192 990 et
1207 914 1322 1012 plura

264 1024 386 1098 indies
398 1039 690 1122 consequentum
711 1051 869 1122 quorum
880 1051 991 1101 causa
1003 1052 1137 1124 magna
1150 1039 1320 1125 exparte

267 1137 339 1211 tuit
364 1137 482 1212 Clavii
510 1139 589 1212 haec
613 1139 814 1236 impropria
840 1139 989 1213 locutio.
1042 1140 1171 1215 Qualis
1199 1141 1321 1215 etiam

267 1250 414 1324 videtur
441 1251 509 1325 tibi
536 1251 616 1325 haec
647 1253 765 1325 oratio
794 1252 833 1325 iu
860 1253 1147 1327 mathematicis:
1172 1264 1320 1352 quantu

267 1363 320 1435 sit
336 1364 552 1462 magnitudo
570 1363 791 1438 antecedens
810 1364 864 1438 ad
886 1373 1190 1462 ecumquentem?
1241 1367 1321 1441 De·

267 1476 379 1551 bebat
413 1479 510 1551 enim
545 1479 680 1565 dicere,
708 1488 850 1576 quauta
880 1488 938 1551 est
964 1480 1182 1578 magnitudo
1208 1490 1320 1555 aute-

263 1589 399 1663 cedena
422 1599 462 1663 ut
479 1600 698 1688 casaperota
716 1615 796 1665 cum
823 1600 1075 1689 consequente,
1092 1592 1150 1665 vel
1172 1603 1318 1691 quantu

266 1710 324 1774 ert
346 1703 445 1775 ratio
469 1703 740 1801 magnitudinis
766 1703 1019 1777 antecedentis
1046 1703 1100 1777 ad
1123 1705 1319 1803 magnitu-

268 1815 389 1889 dinem
406 1826 690 1913 carnequentem.
731 1816 816 1889 Scio
830 1815 998 1889 Clarium
1015 1816 1151 1912 tingnae
1169 1816 1317 1890 Latinae

266 1928 551 2002 scientissimum
568 1928 705 2002 fuisse:
732 1929 797 2002 sed
813 1928 901 2002 huic
926 1928 1024 2003 illius
1053 1929 1247 2004 sententiae
1269 1929 1317 2002 de

260 2041 534 2138 compositione
551 2042 735 2115 rationum
762 2041 912 2115 inimica
929 2056 1010 2116 erat
1024 2043 1182 2117 elocutio
1200 2042 1316 2116 clara.

683 2551 786 2624 CAP.
813 2550 897 2623 XV.

451 2725 584 2778 ETIAM
605 2726 657 2777 Du
677 2724 903 2778 RATIONUM
924 2722 1125 2776 cuneum.

257 2843 451 2917 Cnavms
471 2867 515 2914 ex
534 2842 604 2915 hac
622 2841 837 2915 definitione
855 2840 987 2936 quinta
1008 2839 1191 2912 Elementi
1216 2840 1316 2913 sexti

258 2969 366 3029 recte
384 2955 508 3043 infert,
526 2955 675 3052 quadiu
693 2951 1012 3052 magnitudinibus
1036 2952 1316 3051 quibuscunque

255 3070 398 3143 ordine
409 3069 562 3168 positis,
575 3068 775 3166 proportio
791 3069 934 3166 primm
951 3067 1007 3141 ad
1023 3065 1188 3139 ultimum
1211 3067 1315 3139 dice-

257 3193 327 3257 tur
344 3183 510 3281 compoui
531 3209 580 3255 en
598 3181 850 3279 proportione
870 3180 1004 3277 primm
1027 3179 1314 3270 adamandam,

256 3306 302 3369 ¹et
319 3296 490 3369 secundm
506 3294 734 3382 adtendam,
751 3303 791 3365 ct
809 3293 934 3365 tertie
959 3292 1014 3365 ud
1034 3301 1216 3389 quartam,
1239 3303 1313 3367 etc.

256 3409 381 3504 »Cujus
416 3410 528 3481 etiam
561 3406 894 3481 demonstrationes
936 3405 1076 3501 aliquot
1109 3405 1230 3479 adfert
1264 3429 1314 3479 ex

255 3523 426 3612 .Theone,
448 3523 655 3609 Vitellione,
682 3519 837 3595 Eutocio
867 3531 907 3592 et
933 3518 1153 3615 Apollonio:
1184 3521 1237 3594 ita
1268 3530 1313 3593 ut

264 3635 365 3710 nullo
389 3636 499 3710 modo
517 3661 540 3709 a
557 3635 683 3709 Clavio
700 3634 828 3730 negari
844 3632 973 3730 possit,
994 3632 1058 3728 qui
1076 3656 1158 3705 ean·

265 3750 349 3823 dem
368 3750 406 3823 in
425 3749 588 3823 numeris
605 3772 672 3844 pro
691 3746 903 3821 definitione
921 3744 969 3817 ad
983 3744 1098 3818 Elem.
1110 3745 1159 3818 vii
1194 3757 1210 3790 Δ
1225 3755 1242 3789 ¹³
1265 3757 1281 3791 ⁰

264 3864 399 3959 posuit.
467 3863 596 3957 ltaque
631 3861 669 3933 in
703 3861 821 3934 tribus
850 3859 956 3932 lineis
983 3857 1028 3947 Α,
1056 3858 1099 3946 Β,
1128 3857 1158 3928 C

252 3972 391 4049 ordine
420 3976 606 4072 expositis,
638 3975 730 4047 ratio
757 3972 903 4046 AadC
926 3971 1160 4066 componitur

264 4113 308 4161 ex
332 4089 536 4162 rationibus
562 4088 596 4159 A
618 4087 666 4160 ad
684 4089 714 4160 B
732 4098 770 4160 et
785 4087 815 4158 B
833 4084 881 4158 ad
899 4085 949 4157 C:
977 4096 1015 4156 et
1032 4107 1159 4156 rursus

262 4203 357 4275 ratio
375 4203 405 4276 C
422 4202 518 4276 adA
536 4202 771 4297 componitur
788 4223 833 4273 ex
851 4199 994 4272 ratione
1013 4197 1043 4270 C
1060 4196 1109 4270 ad
1128 4197 1158 4268 B

263 4328 302 4389 et
320 4317 462 4390 ratione
480 4316 510 4387 B
528 4313 576 4388 ad
595 4315 638 4395 Α,
673 4373 675 4377 .
