2888 4988
264 389 336 457 398
405 403 460 455 nn
480 402 711 456 numerans
731 403 782 454 nr
801 399 1165 454 narrocrunrroun

677 686 782 760 CAP.
800 685 883 760 Vll.

538 858 592 911 nn
612 859 863 912 snaunr1c1n
882 858 1032 911 nnana.

86 999 154 1041 cna.
169 999 223 1043 vn.
265 973 492 1049 Dnrrurrro
511 977 667 1072 septima
684 988 750 1067 est,
773 976 894 1076 planu
910 975 1125 1076 snpeqieies
1142 985 1210 1065 est,
1228 1000 1310 1074 quc

78 1069 239 1186 Μ
265 1113 313 1162 ea
330 1113 432 1185 aequo
449 1089 646 1184 interjacet
670 1114 758 1163 suas
779 1089 899 1163 lineas
910 1117 923 1164 :
949 1114 1059 1187 qnam
1077 1088 1225 1163 Clarius
1243 1112 1310 1162 ex-

78 1192 152 1252 ¹'¹²¹²⁸
265 1225 405 1300 ponens
431 1204 598 1276 oratione
626 1204 718 1278 nihil
746 1204 988 1302 significante,
1006 1202 1115 1277 simili
1138 1204 1216 1299 ejus
1233 1226 1310 1300 qua

264 1338 354 1389 usus
387 1326 444 1389 est
476 1316 515 1389 in
549 1317 766 1414 explicanda
799 1317 1011 1391 definitione
1039 1315 1147 1391 lineae
1180 1328 1309 1405 rectae,

266 1426 448 1516 “Plana''
473 1429 606 1525 inquit,
638 1434 661 1468 “
676 1441 733 1502 est
765 1430 988 1527 superficies,
1019 1428 1059 1501 in
1088 1452 1160 1525 qua
1181 1440 1309 1525 partes

265 1563 392 1614 omnes
410 1541 448 1613 in
465 1551 608 1615 rectum
625 1541 814 1616 collocatae
827 1554 925 1632 sunt,
938 1543 992 1615 ita
1004 1555 1046 1615 ut
1062 1541 1154 1614 nihil
1171 1542 1310 1615 habeat

264 1653 422 1727 incisum
449 1655 604 1751 angulis
628 1655 721 1728 nihil
747 1655 984 1745 anfractibus,
1007 1653 1099 1727 nihil
1128 1654 1308 1744 eminens,

265 1765 358 1838 nihil
373 1766 623 1839 lacunosum.”
667 1767 760 1841 Quae
770 1766 884 1840 verba
900 1768 945 1839 ab
960 1766 1061 1840 omni
1078 1778 1157 1840 arte
1174 1766 1308 1856 aliena,

266 1901 315 1952 ne
340 1878 419 1975 ipse
449 1880 597 1975 quidem
626 1879 747 1977 potuit
776 1879 992 1978 intelligere.
1045 1878 1158 1955 Quod
1182 1891 1309 1953 autem

266 2003 390 2087 partes
406 1991 506 2088 plani
523 2015 650 2065 omnes
666 1993 705 2064 in
722 2003 865 2067 rectum
885 1991 1081 2066 collocatas
1098 2015 1177 2066 esse
1195 1992 1308 2081 dicat,

266 2104 490 2201 impossibile
520 2117 576 2179 est
603 2105 676 2179 nisi
701 2105 852 2203 planum
883 2117 1003 2180 totum
1033 2106 1081 2180 sit
1109 2129 1184 2179 una
1209 2105 1311 2178 linea

265 2229 390 2292 recta:
417 2217 517 2314 quod
543 2219 632 2293 item
662 2219 891 2315 superficiem
917 2219 1065 2316 planam
1091 2217 1204 2292 talem
1227 2242 1309 2292 esse

267 2329 369 2419 dicit,
380 2331 497 2427 qualis
511 2341 567 2404 est
580 2331 791 2428 superficies
803 2330 975 2428 perpoliti
985 2330 1139 2427 alicujus
1150 2354 1310 2404 marmo-

265 2443 328 2532 ris,
339 2467 467 2517 verum
479 2467 555 2518 non
570 2455 638 2535 est,
649 2445 720 2518 nisi
736 2467 851 2517 conns
869 2455 934 2519 ant
947 2444 1091 2540 sphaera
1103 2466 1310 2517 marmorea

266 2580 342 2630 non
373 2569 497 2655 potest
531 2557 705 2656 perpoliri
739 2581 843 2653 aeqne
872 2581 916 2631 ac
941 2557 1151 2653 superficies
1185 2557 1308 2654 plana.

268 2671 361 2745 Rem
375 2670 523 2768 quidem
536 2672 654 2768 ipsam
667 2683 704 2746 et
714 2670 896 2763 Euclides,
905 2683 944 2745 et
956 2670 1115 2760 Clarius,
1127 2682 1165 2744 et
1180 2693 1309 2744 omnes

268 2784 434 2859 homiues
460 2787 548 2860 satis
576 2799 677 2861 recte
703 2786 936 2883 concipiunt:
962 2784 1027 2857 sed
1049 2807 1132 2881 quae
1154 2785 1309 2881 superfi-

269 2898 339 2972 ciei
355 2898 475 2996 planae
491 2900 700 2975 essentialia
716 2911 813 2990 sunt,
826 2898 947 2972 verbis
965 2898 1158 2995 explicare,
1177 2898 1309 2971 saltem

268 3011 386 3102 facile,
403 3037 478 3087 non
496 3037 623 3087 omnes
638 3023 804 3111 possunt.
856 3013 896 3085 Si
913 3011 1144 3109 superficiem
1159 3011 1309 3108 planam

269 3146 349 3198 esse
377 3125 524 3216 dixeris,
544 3150 627 3223 quae
652 3126 871 3200 describitur
891 3149 914 3198 a
935 3124 1032 3197 linea
1056 3125 1111 3198 ita
1136 3137 1249 3214 mota,
1265 3138 1310 3197 ut

268 3238 412 3334 singula
428 3241 506 3335 ejus
525 3250 665 3337 puncta
686 3250 806 3312 rectas
827 3238 943 3311 lineas
970 3238 1191 3328 describant,
1206 3249 1309 3311 recte

269 3374 351 3424 eam
385 3351 581 3443 definieris
610 3364 649 3427 et
678 3353 788 3442 clare,
818 3363 858 3425 et
884 3351 1052 3425 essentiae
1078 3351 1192 3448 ipsius
1219 3375 1308 3425 con-

268 3477 453 3541 sentflnee.

692 3700 889 3709 ——-—-

672 3886 781 3961 CAP.
801 3888 903 3961 Vlll.

654 4061 708 4113 nn
744 4060 923 4114 anenno.

268 4190 496 4264 Dnmnrrro
526 4202 681 4264 octava:
709 4189 872 4288 angulus
894 4189 1049 4292 planus,
1066 4201 1124 4264 est
1152 4191 1307 4264 ducrum

267 4304 450 4378 linearum
468 4303 506 4378 iu
527 4304 648 4403 plano
671 4329 713 4378 se
729 4314 851 4378 mutuo
869 4305 1111 4402 tangentium,
1129 4315 1166 4378 et
1182 4330 1254 4378 uon
1270 4306 1308 4378 in
