2888 5002
378 411 561 467 cunamo
580 411 774 480 sennam,
793 410 882 466 uro.
1077 393 1151 461 519

387 689 444 741 AD
464 689 804 742 PROPOSlTIONEM
824 689 870 741 11.

156 816 202 889 ln
218 816 256 906 ii,
267 826 311 889 ut
328 840 428 889 nunc
445 816 557 906 edita,
569 818 742 890 inventus
760 829 818 890 est
831 816 986 912 spbaerae
1003 813 1152 912 aeqnalis
1170 844 1213 886 m
1228 842 1312 885 mon.
1324 842 1357 884 11.

107 931 245 1003 cubus:
273 930 344 1003 nisi
372 942 410 1003 et
439 931 535 1003 banc
557 929 802 1003 confutaverit
820 928 1020 1002 Professor.
1071 926 1154 999 Tri-
1195 911 1338 948 Ἣ*

107 1043 302 1140 umpbabit
318 1057 454 1139 tamen,
471 1042 570 1139 quod
588 1043 655 1115 nisi
682 1042 743 1115 ille
770 1042 932 1137 priorem
957 1040 1154 1137 repreben-

108 1158 233 1245 disset,
252 1182 275 1229 a
290 1181 350 1229 me
370 1157 541 1228 inventus
566 1180 642 1229 non
668 1155 806 1229 fuisset.
858 1156 908 1227 Et
924 1154 1103 1251 profecto,
1121 1153 1154 1226 si

106 1271 181 1361 ille,
191 1283 389 1367 postquam
403 1293 566 1342 errorem
584 1293 707 1341 meum
721 1268 929 1356 detexisset,
943 1267 1053 1340 etiam
1074 1290 1155 1341 cor-

108 1385 276 1471 rexisset,
294 1382 332 1456 id
350 1392 407 1455 est
424 1383 508 1455 cubi
527 1381 574 1454 ad
591 1382 772 1477 sphaeram
797 1382 977 1454 rationem
995 1380 1156 1452 invenis-¹

109 1510 178 1586 set,
208 1498 248 1569 in
274 1507 419 1592 partem
444 1495 603 1590 aliquam
626 1495 735 1591 hujus
762 1494 879 1568 landis
897 1494 1022 1567 venire
1045 1505 1154 1590 potu-

108 1611 209 1683 isset.
254 1608 327 1683 Sed
343 1609 396 1681 illi
415 1607 639 1704 impossibile
657 1608 728 1681 hoc
742 1618 833 1695 erat,
847 1619 1044 1703 propterea
1056 1604 1156 1701 quod

109 1724 291 1796 rationem
320 1723 508 1795 inventam
535 1721 663 1794 circuli
693 1719 739 1793 ad
768 1720 1000 1815 quadratum,
1027 1733 1065 1794 et
1092 1720 1156 1793 de-

111 1847 366 1924 monstratam,
385 1835 591 1931 intelligere
608 1858 683 1908 non
700 1833 833 1929 potuit.

161 1951 205 2024 In
224 1949 537 2023 demonstratione
560 1948 731 2021 secundae
753 1945 1014 2044 propositionis
1030 1946 1165 2043 priore·

114 2065 293 2136 confiteor
313 2086 373 2134 me
398 2086 550 2135 errasse.
603 2060 677 2133 Sed
701 2084 863 2133 errorem
890 2061 1018 2155 quem?
1070 2059 1156 2132 Non

113 2176 176 2274 qui
193 2201 216 2248 a
228 2175 369 2248 vitiosis
386 2174 576 2271 principiis
589 2186 690 2246 onus
704 2185 836 2246 caetera
854 2172 978 2246 omnia
990 2196 1156 2246 corrum-

111 2300 228 2385 peret,
254 2289 350 2361 sicut
374 2288 457 2361 ille:
484 2311 554 2361 nec
579 2287 626 2360 ab
653 2287 861 2382 ignorantia
885 2287 1156 2383 problematum

112 2400 480 2475 eminentissimorum
498 2424 582 2495 quae
603 2400 856 2473 demonstrata
873 2412 959 2473 sunt
972 2401 1049 2495 jam
1068 2399 1156 2472 olim

112 2515 159 2587 ab
176 2511 398 2586 Archimede
424 2513 578 2608 aliisque
595 2514 796 2586 veteribus:
824 2513 889 2585 sed
909 2513 956 2586 ab
978 2537 1034 2602 eo,
1058 2513 1157 2608 quod

113 2652 197 2701 cum
214 2626 378 2700 viderem
399 2639 581 2723 quantum
599 2626 769 2722 quadrati
793 2625 924 2700 Qasr
946 2638 1027 2699 erat
1053 2638 1159 2699 extra

113 2740 291 2814 circulum
306 2739 447 2828 BCDE,
462 2740 694 2814 tantumdem
710 2740 837 2813 circuli
852 2762 931 2812 esse
945 2753 1051 2813 extra
1068 2763 1158 2835 qua-

114 2855 275 2943 dratum,
293 2854 546 2950 contemplans
564 2855 675 2951 plana
691 2853 730 2925 in
748 2853 908 2941 sublimi,
922 2852 1158 2947 pronuntiavi

113 2957 276 3040 securius
298 2990 410 3062 quam
436 2967 601 3062 oportuit
623 2966 722 3040 idem
748 2965 794 3038 de
817 2966 962 3062 sphaera
988 2977 1025 3037 et
1050 2965 1157 3039 cubo.

113 3081 245 3175 Neque
263 3091 319 3153 est
336 3103 403 3153 cur
420 3080 634 3153 erubescam
651 3079 820 3153 confiteri
841 3101 1004 3151 errorem
1021 3101 1157 3166 meum,

114 3216 224 3289 quem
242 3193 385 3266 correxi
402 3193 492 3289 ipse.
544 3193 665 3265 Facile
683 3204 764 3265 erat
788 3215 863 3264 non
884 3189 994 3264 modo
1011 3189 1158 3266 Profes-

114 3307 201 3396 sori,
219 3305 284 3380 sed
301 3306 413 3378 etiam
426 3306 577 3380 cuilibet
593 3305 769 3378 mediocri
786 3315 985 3401 geometrae
999 3305 1061 3402 qui
1079 3306 1159 3379 aui-

114 3443 216 3493 mum
243 3419 291 3492 ad
319 3419 547 3515 diagramma
573 3420 786 3517 applicaret,
811 3442 1035 3515 cognoscere
1059 3419 1160 3516 quod

115 3532 266 3629 planum
282 3557 350 3630 per
365 3534 463 3607 latus
481 3534 541 3606 Rs
557 3532 728 3630 quadrati
747 3531 890 3618 QRST,
901 3532 940 3604 in
957 3533 1019 3628 fig.
1038 3533 1051 3604 i
1069 3533 1159 3607 duc·

116 3657 208 3736 tum,
234 3646 417 3720 abscindit
442 3672 463 3721 a
490 3646 635 3744 sphaera
660 3670 734 3720 non
761 3645 917 3719 solidum
943 3647 1011 3719 sub
1034 3645 1105 3719 ult
1122 3658 1160 3720 et

116 3759 227 3855 plano
245 3760 336 3850 PCd,
354 3760 420 3834 sed
442 3761 594 3858 sphaerae
618 3773 861 3857 segmentum.
913 3759 1052 3832 Mirum
1070 3782 1159 3854 ergo

116 3897 192 3947 non
209 3887 278 3962 est,
297 3898 366 3947 nec
383 3875 491 3947 laude
509 3874 633 3969 aliqua
650 3874 738 3947 artis
755 3885 819 3946 ant
835 3873 975 3968 ingenii
993 3872 1159 3969 dignum,

117 3987 187 4059 boc
204 3987 349 4061 vidisse.
401 3988 603 4085 Diligentia
620 3989 697 4062 sola
711 4010 803 4084 opus
821 3998 913 4076 erat,
928 4010 1010 4083 quae
1027 3987 1161 4061 invidis

119 4112 157 4173 et
185 4100 372 4174 malevolis
401 4125 583 4196 nusquam
612 4102 726 4176 deest.
776 4100 908 4198 Neque
939 4113 1064 4174 tamen
1092 4125 1161 4198 ego

118 4213 314 4310 indiligens
341 4215 491 4289 omnino
514 4239 628 4290 eram.
680 4216 777 4290 Nam
802 4215 917 4290 libelli
942 4216 1015 4290 mei
1041 4240 1161 4289 exem·

120 4325 236 4422 plaria
252 4351 370 4425 pauca
383 4328 461 4402 sine
475 4327 708 4406 dedicatione
725 4329 770 4405 in·
780 4329 970 4429 publicum
982 4329 1101 4418 emisi,
1118 4341 1162 4404 ut
