2888 5002
352 434 668 487 uarnnunmca
689 435 932 488 numanum.
1090 421 1158 498 167

111 604 327 692 rationibus,
346 603 632 677 authoritatibus
649 602 739 676 nihil
762 602 961 700 pensitant,
979 604 1157 677 momenti
1194 631 1344 672 nameus

111 730 219 790 esset.
273 717 403 813 Capite
434 717 471 788 ix
496 716 718 805 continetur,
737 716 869 812 primo,
899 728 1157 812 argumentum
1197 711 1341 815 „L

111 829 284 903 Peletarii
314 829 516 902 deductum
540 853 585 902 ex
615 830 733 925 gratis
752 841 942 926 assumpto
969 829 1156 921 lemmate,

110 943 269 1042 ungulos
294 942 621 1032 semicirculorum,
649 942 688 1015 id
716 954 785 1031 est,
809 966 901 1038 quos
930 942 1071 1017 faciunt
1101 943 1157 1016 di-

110 1057 243 1129 ametri
262 1080 347 1129 cum
376 1056 688 1152 semiperimetris,
707 1079 789 1128 esse
816 1055 990 1152 (equales
1045 1056 1156 1132 Quod

110 1170 340 1244 verissimum
358 1169 507 1266 quidem
525 1179 592 1259 est,
610 1169 676 1242 sed
689 1169 839 1242 omuino
850 1168 952 1243 idem
962 1170 1062 1265 quod
1071 1195 1157 1267 pro-

109 1284 274 1356 bandum
308 1294 399 1359 erat.
468 1283 559 1356 Inde
593 1295 719 1355 autem
755 1282 1019 1373 demonstrare,
1056 1283 1156 1379 quod

109 1397 266 1492 angulus
284 1407 477 1471 contactus
501 1420 575 1469 nou
602 1397 716 1469 habet
743 1397 1002 1492 quantitatem,
1019 1397 1155 1492 impos-

109 1510 215 1584 sibile
231 1522 301 1584 est.
354 1510 529 1605 Sequitur
541 1510 690 1605 quidem
707 1510 794 1583 inde
811 1510 988 1605 angulum
1005 1522 1155 1584 contac-

109 1636 170 1698 tus
199 1621 338 1695 nullam
368 1634 513 1718 partem
539 1646 619 1695 esse
646 1623 773 1719 anguli
803 1624 867 1719 qui
899 1623 1110 1698 continetur
1133 1650 1156 1698 a

108 1735 291 1809 diametro
310 1747 349 1808 et
366 1735 687 1819 circumferentia3
713 1760 788 1809 non
803 1747 927 1808 autem
951 1736 1051 1831 quod
1079 1761 1154 1811 non

108 1848 222 1921 habet
246 1872 349 1921 suam
379 1848 447 1921 sibi
479 1848 745 1943 quantitatem
773 1872 842 1920 nec
870 1849 969 1943 quod
998 1849 1155 1945 angulus

109 1972 303 2034 contactus
320 1984 415 2033 uuus
431 1960 548 2034 altero
566 1984 641 2033 non
654 1961 770 2056 possit
787 1984 867 2033 esse
879 1961 939 2034 vel
957 1964 1086 2058 major,
1098 1963 1154 2036 rel

109 2074 242 2165 minor,
271 2073 330 2146 vel
359 2072 520 2169 aequalis.
572 2074 626 2146 Ea
656 2085 780 2146 autem
810 2098 892 2169 quae
921 2099 987 2169 per
1021 2077 1155 2150 lemma

109 2210 215 2259 suum
244 2187 317 2258 tria
346 2187 602 2274 enuntiantur,
626 2211 702 2260 non
721 2200 807 2261 sunt
835 2187 881 2260 de
905 2190 1041 2285 angulo
1065 2215 1153 2263 con-

108 2311 242 2388 tactuS,
258 2298 324 2373 sed
337 2298 383 2372 de
397 2299 478 2395 ipso
492 2309 667 2373 contactu
681 2332 690 2383 ;
709 2301 814 2398 quasi
825 2314 946 2375 essent
957 2304 1020 2399 qui
1034 2304 1154 2399 ipsum

109 2424 324 2487 contactum
340 2413 517 2509 angulum
534 2436 613 2486 esse
631 2413 810 2487 dicerent.

159 2525 206 2598 B.
235 2525 309 2599 Sed
335 2549 402 2622 per
429 2537 641 2599 contactum
672 2528 826 2624 intelligi
856 2529 936 2601 vult
960 2539 1153 2602 contactus

108 2640 297 2736 angulum.

159 2754 208 2826 A.
236 2752 368 2825 Credo.
396 2751 470 2825 Sed
487 2751 587 2847 quod
604 2776 679 2825 non
709 2753 884 2849 loquutus
903 2755 952 2826 sit
968 2763 1152 2841 accurate,

109 2867 148 2939 in
161 2890 271 2939 causa
285 2878 364 2938 erat
382 2865 482 2961 quod
499 2876 670 2939 naturam
688 2868 814 2963 auguli
825 2892 898 2940 nou
912 2867 1151 2964 perspexerit.

107 2980 247 3052 Verum
261 2980 398 3051 lemma
410 2977 502 3050 illud
515 2978 686 3052 Peletarii
704 2980 834 3076 Capite
848 3005 873 3054 x
899 2981 1152 3054 demonstrare

107 3094 247 3167 frustm
273 3104 427 3167 conatur
452 3092 649 3166 Wallisius.
701 3094 799 3167 Nam
823 3095 892 3168 etsi
921 3095 1153 3168 verissimum

109 3208 168 3297 sit,
196 3221 323 3280 tamen
355 3206 428 3279 nisi
462 3231 508 3280 ex
540 3207 753 3280 defiuitione
778 3208 904 3305 auguli
938 3209 1154 3304 simpliciter

109 3321 212 3410 dicti,
231 3322 307 3394 sive
323 3320 517 3410 rectilinei,
537 3321 782 3395 demonstrari
800 3346 874 3395 non
892 3332 1026 3418 potest.

156 3434 208 3507 Β.
236 3433 434 3508 Quomodo
467 3444 591 3507 autem
623 3434 759 3507 lemma
797 3435 889 3508 illud
922 3435 1152 3509 demonstra-

109 3547 164 3620 bis
190 3545 261 3621 tui

158 3661 208 3735 A.
238 3661 436 3734 Quantitas
450 3660 577 3757 anguli
593 3661 786 3750 rectilinei,
803 3683 871 3756 per
901 3660 1153 3737 definitionem

110 3798 240 3863 meam,
259 3775 322 3846 est'
333 3773 520 3868 quantitas
539 3798 649 3869 quam
666 3774 778 3846 habet
801 3797 909 3848 arcus
926 3775 1154 3872 interceptus

109 3888 204 3963 inter
222 3888 315 3961 duos
332 3887 468 3976 radioS,
486 3899 699 3983 comparata
715 3887 763 3961 ad
780 3889 1025 3983 quantitatem
1039 3890 1153 3963 totius

109 4002 309 4097 perimetri.
363 4000 437 4074 Sed
453 4000 610 4097 angulus
627 4001 748 4075 factus
764 4003 862 4076 inter
877 4004 1098 4076 diametrum
1115 4017 1154 4076 et

109 4125 335 4210 tangentem,
372 4114 513 4186 nullum
552 4115 740 4211 intercipit
773 4140 911 4190 arcum.
968 4117 1034 4188 Est
1064 4139 1153 4211 ergo

109 4229 295 4323 quantitas
305 4229 431 4323 auguli
447 4238 638 4302 contactus
652 4229 752 4302 nulla
765 4254 849 4326 pars
863 4229 1078 4326 quantitatis
1089 4253 1154 4301 an-
