2888 5002
382 414 564 469 cunano
585 411 778 484 spamam,
797 413 886 468 unc.
1084 391 1155 466 515

114 584 272 680 signare.
325 581 453 657 Redde
468 584 570 679 prius
587 585 744 682 gratiam
762 585 924 658 debitam
941 606 1009 679 pro
1033 573 1158 655 multis
1172 611 1213 651 nn
1223 593 1382 651 raor.vn.'=

112 696 414 793 problematibus,
432 697 565 794 quibus
581 698 823 794 geometriam
846 695 1065 792 jamdudum
1082 718 1157 768 am·
1202 678 1341 714 ’ῳ

112 810 284 907 plificavi.
337 810 424 882 Non
457 811 563 900 solet,
591 810 746 908 inquieS,
773 810 867 883 fieri.
924 811 1039 882 Recte
1072 808 1155 882 boc.

113 926 259 998 Faciam
277 946 366 1020 ergo
383 924 508 1020 gratis.

164 1036 398 1132 Intelligatur
410 1048 533 1108 sector
549 1035 766 1131 quadrantis
784 1035 882 1110 ABG
895 1036 1010 1110 dividi
1027 1036 1065 1108 in
1078 1059 1158 1110 rec-

113 1150 161 1224 tis
178 1150 284 1223 lineis
301 1148 349 1222 ad
367 1163 536 1222 centrum
553 1149 588 1221 A
606 1172 759 1222 numero
777 1173 998 1246 quocunque
1023 1149 1157 1238 ductis,

113 1264 191 1336 sine
221 1261 428 1335 latitudine.
480 1262 626 1335 Horum
656 1273 841 1335 sectorum
866 1265 1023 1336 vertices
1050 1276 1159 1336 eruut

113 1386 170 1449 tot
186 1385 335 1471 puncta,
353 1385 446 1470 quot
471 1385 557 1447 sunt
584 1373 693 1448 factae
720 1388 845 1470 partes
870 1375 983 1448 totius
1007 1376 1159 1449 sectoris

113 1488 226 1562 ABC.
281 1488 407 1575 Quare
424 1488 579 1583 angulus
596 1501 720 1561 rectus
747 1488 845 1561 BAG
873 1489 1075 1575 continebit
1102 1501 1160 1562 tot

114 1614 298 1677 sectorum
328 1602 544 1699 exiguarum
572 1603 741 1689 vertices
769 1614 860 1697 quot
887 1615 974 1675 sunt
1003 1603 1043 1674 in
1070 1625 1159 1697 qua-

114 1715 245 1789 drante
264 1714 363 1789 ABG
379 1725 535 1810 sumptae
552 1726 688 1810 partes.
740 1715 932 1788 Scotorum
955 1715 1068 1811 igitur
1092 1718 1159 1787 ho-

113 1853 196 1902 rum
214 1830 428 1926 exiguorum
448 1828 565 1901 latera
581 1853 657 1901 non
671 1840 892 1903 concurrent
911 1829 949 1902 in
961 1840 1099 1925 puncto
1113 1830 1160 1918 A,

114 1940 179 2015 sed
208 1942 328 2038 ipsum
359 1940 537 2015 divident.
600 1940 830 2015 Concurrent
859 1965 949 2038 ergo
980 1952 1084 2015 extra
1112 1942 1160 2031 A,

113 2077 246 2151 nempe
264 2055 330 2129 GA
347 2067 454 2128 extra
472 2051 693 2151 quadratum
710 2054 904 2150 producta.

165 2169 289 2242 Posita
307 2192 395 2265 ergo
413 2170 468 2240 Ac
492 2176 552 2256 32,
570 2179 673 2240 recta
699 2179 846 2264 sumpta
873 2193 896 2240 a
920 2178 1059 2263 puncto
1088 2166 1161 2240 hoc

114 2293 220 2355 extra
233 2268 453 2378 quadratum
471 2280 697 2368 indivisibili,
716 2281 747 2353 si
760 2282 827 2354 fiat
843 2269 915 2377 ipsi
928 2281 985 2353 Ac
998 2281 1160 2377 aequalia,

115 2395 223 2469 cadet
249 2396 346 2468 infra
359 2420 390 2468 c.
442 2396 491 2468 Et
519 2394 607 2467 huic
634 2394 761 2468 addita
777 2394 847 2482 eo,
867 2394 977 2467 cadet
996 2394 1093 2466 iufra
1111 2394 1158 2468 Q.

113 2509 164 2582 Et
181 2508 267 2582 huic
284 2532 411 2582 rursus
428 2508 556 2582 addita
573 2509 654 2597 QG,
672 2507 781 2581 cadet
798 2508 894 2580 iufra
918 2508 961 2581 G.
1012 2508 1061 2580 Et
1083 2520 1160 2581 tres

114 2622 188 2696 illae
212 2621 320 2695 lineae
346 2633 434 2695 sunt
461 2615 619 2717 aequalea
645 2622 764 2695 tribus
783 2620 945 2710 tana,
962 2620 1041 2709 AG,
1055 2631 1093 2693 et
1122 2621 1161 2693 in

114 2734 245 2808 eadem
257 2735 411 2809 ratione.

167 2849 286 2922 Causa
303 2872 392 2945 ergo
410 2872 523 2945 quare
541 2849 702 2922 calculus
719 2848 971 2921 arithmeticus
993 2845 1117 2919 differt
1138 2869 1162 2918 a

114 2962 353 3059 geometrico,
371 2962 452 3035 haec
466 2973 542 3042 est;
560 2960 659 3059 quod
676 2962 855 3034 linearum
874 2960 952 3033 sine
966 2958 1161 3031 latitudine

115 3074 279 3148 nihilitas
292 3074 384 3148 facit
396 3087 440 3146 ut
452 3074 613 3147 calculus
626 3074 878 3146 arithmeticus
891 3072 1043 3167 incipiat
1056 3085 1160 3144 extra

115 3187 349 3284 quadratum,
367 3199 406 3260 et
422 3187 585 3261 calculus
611 3186 857 3283 geometricus
875 3187 1004 3282 incipit
1025 3185 1161 3281 inipso

116 3301 295 3399 quadrato
312 3300 360 3374 ad
377 3314 556 3397 puuctum
574 3299 622 3374 A.

167 3415 353 3488 Distantia
377 3428 503 3488 autem
529 3438 612 3511 quae
631 3425 686 3486 est
703 3414 799 3487 inter
819 3411 854 3486 A
877 3424 915 3487 et
941 3435 1162 3486 concursum

116 3542 302 3602 rectarum
327 3528 538 3621 (latitudine
566 3527 787 3620 carentium)
818 3528 855 3599 in
874 3527 943 3600 GA
969 3526 1161 3622 producta,

118 3643 186 3716 erit
205 3643 244 3716 in
258 3642 399 3716 calculo
418 3641 653 3714 arithmetico
667 3640 803 3713 unitas.

380 3877 436 3929 AD
456 3876 799 3929 PROPOSITIONEM
819 3874 912 3926 v111.

170 3992 375 4090 Propositio
401 3992 466 4065 viii
492 3992 573 4066 haec
597 4004 677 4065 est:
706 4000 753 4064 25
780 3989 959 4086 quadrata
985 4012 1008 4061 a
1033 3987 1164 4083 quinta

117 4120 222 4204 parte
236 4131 343 4179 arcus
363 4107 439 4192 BC,
457 4106 515 4179 vel
532 4118 644 4179 rectae
661 4106 718 4195 Gi,
736 4103 891 4200 aequalia
908 4113 994 4175 suut
1016 4111 1059 4176 10
1077 4125 1165 4198 qua·

118 4220 236 4292 dratis
254 4243 276 4291 a
294 4218 490 4291 semiradio
508 4218 584 4291 CO.

133 4386 137 4392 -
168 4333 316 4406 Falsum
332 4344 401 4420 est,
419 4331 533 4417 dicit;
559 4331 691 4427 primo,
711 4331 796 4427 quia
813 4352 921 4404 arcus
935 4327 999 4405 BC
1009 4337 1166 4451 nonest

120 4447 268 4544 aequalis
286 4459 397 4521 reetae
415 4445 473 4520 Gi.
