2888 4988
270 416 344 485 430
413 431 468 483 nn
487 431 719 484 uninomia
739 430 789 482 nr
808 429 1174 483 narrocruarroan

90 623 158 664 aar.
174 623 238 665 xvr.
269 598 408 672 habeut
425 599 607 672 rationem
624 606 647 671 6
665 597 714 672 ad
730 608 766 688 4,
784 598 1007 694 posteriores
1025 597 1109 672 duae
1126 596 1321 671 rationem

83 691 228 724 »Ὕ-..α

72 747 107 794 Da
118 751 229 796 redonam

72 813 166 860 calculo.

268 710 357 787 aad
377 718 411 784 8.

319 825 445 899 Habet
461 824 573 898 etiam
589 825 804 899 methodum
833 824 1024 899 auferendi
1046 825 1229 899 rationem
1247 822 1321 896 mi-

268 961 397 1012 norem
414 962 438 1011 a
454 940 605 1034 majore.
644 938 701 1011 Sit
718 940 812 1011 ratio
830 947 843 1011 l
859 938 940 1012 ad4
954 938 1153 1012 auferenda
1168 937 1321 1011 ratione

266 1059 290 1126 2
309 1050 358 1125 ad
375 1067 411 1124 4.
463 1051 544 1124 Fiat
562 1062 604 1124 ut
622 1061 645 1126 2
663 1052 712 1125 ad
729 1059 765 1140 4,
782 1053 836 1125 ita
855 1050 1078 1126 antecedens
1100 1060 1113 1125 l
1137 1051 1185 1124 ad
1202 1050 1320 1124 aliam

267 1173 313 1239 22
340 1176 379 1237 et
396 1164 623 1238 collocentur
637 1164 767 1239 ordine
784 1177 859 1238 tres
877 1164 1020 1238 numeri
1040 1172 1071 1253 l,
1082 1173 1118 1252 2,
1133 1174 1169 1237 4.
1201 1162 1319 1236 Ratio

272 1284 285 1350 l
308 1275 357 1350 ad
374 1286 397 1349 4
416 1276 649 1372 componitur
666 1301 713 1350 ex
730 1277 933 1350 rationibus
955 1286 970 1352 l
992 1276 1040 1350 ad
1058 1286 1095 1366 2,
1113 1288 1150 1350 et
1167 1286 1190 1350 2
1209 1275 1258 1349 ad
1277 1284 1317 1348 4.

268 1389 394 1465 Quare
421 1389 544 1463 ablata
574 1389 719 1464 ratione
749 1390 877 1464 23314
902 1413 949 1464 ex
977 1390 1122 1464 ratione
1152 1398 1167 1464 l
1200 1388 1249 1462 ad
1276 1397 1315 1476 4,

266 1502 408 1598 reliqua
425 1515 482 1576 est
499 1503 593 1576 ratio
617 1512 629 1577 l
652 1503 701 1576 ad
719 1513 754 1577 2.

318 1615 506 1703 Similiter,
521 1617 553 1690 si
569 1640 615 1690 ex
632 1617 776 1691 ratione
790 1627 812 1690 3
826 1616 874 1690 ad
892 1626 915 1690 2
930 1614 1129 1690 auferenda
1146 1614 1196 1687 sit
1212 1614 1312 1687 ratio

266 1737 290 1803 2
308 1727 356 1802 ad
374 1739 409 1818 3,
440 1731 508 1803 fiat
529 1741 571 1804 ut
599 1739 621 1804 2
640 1729 689 1804 ad
711 1740 747 1819 3,
775 1730 829 1803 ita
852 1729 941 1804 3ad
966 1729 1076 1802 aliam
1101 1729 1158 1808 44.
1211 1725 1314 1799 Nam

265 1842 394 1938 positis
421 1842 562 1933 ordine,
580 1853 616 1933 3,
633 1844 691 1931 41,
710 1853 733 1917 2
749 1873 759 1928 ;
784 1842 881 1917 ratio
900 1852 922 1917 2
941 1841 990 1916 ad
1008 1851 1043 1930 3,
1070 1840 1109 1914 id
1126 1850 1193 1929 est,
1210 1839 1311 1913 ratio

266 1964 289 2029 3
308 1954 356 2028 ad
373 1961 432 2044 44,
463 1956 630 2030 aufertur
646 1980 668 2029 a
685 1957 829 2030 ratione
854 1965 877 2030 3
894 1956 942 2030 ad
960 1965 995 2044 2,
1026 1966 1065 2027 et
1089 1952 1318 2050 relinquitur>

264 2069 360 2142 ratio
377 2072 423 2154 4}
440 2069 488 2144 ad
506 2078 542 2143 2.
591 2069 715 2166 Atque
737 2069 794 2142 hae
816 2068 983 2144 methodi
1004 2068 1123 2142 ambae
1138 2090 1311 2163 compro-

264 2180 401 2256 bantur
417 2206 441 2256 a
458 2182 588 2256 Clario·
600 2181 649 2256 ad
664 2207 771 2279 prop.
789 2192 851 2273 23,
868 2182 984 2256 Elem.
1002 2182 1051 2256 vi.

661 2703 766 2777 CAP.
791 2701 914 2775 XVII.

333 2874 568 2927 RESPONSIO
587 2873 643 2926 An
663 2874 850 2933 QUAEDAM
874 2873 1064 2932 QUAESITA
1084 2873 1239 2925 cuavn.

264 2989 522 3063 Rusrouuno
549 2991 625 3086 jam
650 2988 698 3061 ad
724 2989 879 3086 quaesita
903 2987 1029 3075 Clavii,
1052 2999 1090 3061 et
1111 2989 1232 3084 primo
1258 2989 1309 3063 ad

265 3102 355 3177 hoc:
385 3101 559 3197 Quifierr'
569 3111 709 3199 potent,
727 3112 769 3174 ut
778 3102 923 3200 positia
941 3100 1058 3173 tribua
1076 3100 1308 3199 magnitudi-

264 3215 369 3288 nibus
389 3213 592 3312 aequalibua
609 3225 645 3303 4,
667 3225 703 3301 4,
721 3224 758 3304 4,
785 3214 886 3287 ratio
905 3214 1045 3311 primae
1071 3213 1127 3287 ad
1153 3214 1308 3287 tertiam

262 3327 381 3426 dupla
411 3327 463 3398 ait
489 3327 649 3399 rationis
671 3327 808 3424 prima
831 3326 1119 3417 aduocandum,
1143 3351 1223 3400 cum
1253 3326 1309 3399 ait

262 3441 402 3514 omnino
419 3440 583 3514 eadem?

314 3553 499 3629 Quoniam
526 3553 621 3626 ratio
646 3552 775 3649 primae
800 3560 822 3624 4
843 3549 891 3624 ad
917 3551 1114 3625 secundam
1132 3559 1167 3640 4,
1186 3574 1306 3647 quau-

261 3669 398 3741 tumvis
425 3665 665 3762 multiplicata
689 3688 877 3762 nunquam
906 3660 1094 3761 superabit
1121 3664 1307 3738 rationem

261 3781 417 3854 eandem
435 3791 456 3853 4
475 3780 523 3853 ad
541 3789 577 3869 4,
596 3803 716 3876 neque
743 3780 978 3875 quantumvis
1004 3803 1070 3876 per
1089 3778 1229 3852 medias
1246 3779 1306 3852 in-

260 3895 456 3990 terpositas
484 3893 601 3966 divisa
628 3894 674 3966 ab
697 3892 761 3966 illa
787 3894 1039 3989 superabitur:
1067 3893 1305 3967 manifestum

260 4019 316 4080 est
335 4006 517 4079 rationem
535 4015 557 4077 4
576 4005 663 4079 ad4
687 4011 742 4097 (et
766 4008 805 4079 iu
831 4007 1055 4096 universum,
1078 4006 1228 4104 aequalis
1254 4004 1308 4079 ad

259 4120 414 4216 aequale)
436 4140 510 4193 non
537 4144 615 4194 3333
643 4121 898 4218 quantitatem,
916 4144 1036 4216 neque
1058 4142 1164 4216 posse
1181 4141 1305 4214 aequa·

259 4233 381 4307 litates
411 4233 501 4308 alias
526 4234 607 4308 aliis
628 4235 784 4331 majores
800 4233 859 4305 vel
882 4233 1042 4307 minores
1064 4253 1155 4304 esse.
1207 4230 1308 4305 Iuaee

258 4346 478 4442 qualitatum
510 4361 633 4422 autem
661 4347 732 4420 alia
759 4345 832 4418 alia
862 4346 979 4440 major
1001 4368 1080 4419 esse
1102 4355 1240 4441 potest,
1263 4357 1308 4418 et·
