2888 5002
370 633 423 687 AD
441 632 773 689 ILLUSTRISSIMUM
792 630 984 687 DOMINUM

293 772 350 852 D.
396 771 754 854 HENRICUM
801 770 1067 854 BENNET

389 933 602 994 sueonum
623 934 680 991 rm
700 933 966 1005 Anamares,

134 1073 330 1116 sensulssfflo
346 1075 418 1115 REGI
436 1075 544 1115 eunom
559 1075 584 1114 11
600 1076 618 1115 Δ
633 1075 777 1116 CONSILIIS
792 1076 831 1115 ΕΤ
845 1075 1048 1116 secandum
1063 1073 1237 1115 nmmum.

110 1315 205 1390 Cum
229 1320 430 1393 senectutis
447 1343 538 1392 meae
565 1318 737 1392 solatium
760 1318 960 1392 maximum
980 1327 1067 1405 tuae,
1084 1316 1252 1391 illustris-

108 1449 199 1521 sime
218 1450 389 1540 Domine,
416 1452 477 1548 opi
505 1451 670 1539 debeam,
695 1449 861 1548 ingratus
890 1472 1010 1523 essem
1035 1448 1106 1522 nisi
1137 1460 1252 1522 tantae

107 1581 237 1676 gratiae
255 1583 451 1679 vestigium
472 1581 632 1679 aliquod,
658 1581 729 1655 etsi
754 1583 963 1668 obscurum,
991 1592 1116 1654 extare
1146 1603 1252 1654 cura-

108 1737 199 1787 rem.
252 1715 363 1789 Quod
391 1740 475 1789 cum
506 1716 577 1789 alia
604 1739 678 1788 non
703 1739 863 1811 possum,
880 1715 1032 1812 vulgata
1056 1714 1118 1788 via
1146 1714 1253 1789 scho-

108 1846 240 1920 larium
261 1848 370 1938 facio,
389 1848 520 1923 dedico
549 1848 617 1921 tibi
639 1848 814 1939 libellum,
836 1874 913 1924 non
936 1849 1031 1924 male
1054 1861 1251 1941 moratum,

109 1982 174 2055 sed
191 1993 315 2056 tamen
333 1983 574 2057 audaculum:
601 1994 873 2079 geometrarum
897 1985 995 2058 enim
1013 1996 1131 2059 totam
1149 1984 1252 2058 iuva-

109 2116 166 2190 dit
183 2119 380 2191 nationem.
433 2116 545 2207 Quid,
563 2117 718 2213 inquies,
732 2119 763 2191 si
780 2118 939 2216 injuste?
991 2119 1086 2193 Mihi
1104 2119 1253 2217 quidem

108 2252 149 2325 id
165 2252 324 2325 dedecus
336 2276 513 2348 maguum
525 2263 640 2325 esset:
659 2252 724 2326 sed
738 2251 837 2348 quod
851 2253 899 2325 ad
911 2263 961 2343 te,
976 2253 1038 2350 qui
1055 2253 1104 2326 ad
1120 2254 1252 2327 altiora

108 2387 302 2461 institutus
321 2410 373 2476 eS,
391 2409 572 2483 quemque
589 2410 733 2459 morum
750 2397 789 2459 et
806 2387 916 2460 officii
943 2387 1017 2460 mei
1043 2411 1132 2482 erga
1156 2386 1252 2484 teip-

110 2543 203 2608 sum,
234 2543 310 2592 uon
344 2542 525 2616 nugarum
559 2542 725 2592 mearum
758 2518 1004 2616 inspectorem
1038 2519 1146 2609 facio,
1174 2543 1251 2594 non

108 2655 317 2752 pertinebit.
370 2655 416 2728 In
444 2678 578 2750 magno
607 2654 754 2750 quidem
782 2653 946 2750 periculo
976 2654 1113 2727 versari
1141 2654 1251 2728 video

110 2790 416 2863 existimationem
443 2812 573 2878 meam,
603 2788 666 2884 qui
695 2813 714 2862 a
743 2788 940 2884 geometris
973 2788 1050 2861 fere
1081 2788 1250 2862 omuibus

110 2921 297 2997 dissentio.
348 2922 486 2995 Eorum
517 2921 614 2994 euim
642 2921 706 3016 qui
733 2919 780 2992 de
808 2919 939 2994 iisdem
965 2920 1075 2994 rebus
1106 2944 1250 2994 mecum

110 3055 247 3153 aliquid
264 3054 472 3144 ediderunt,
489 3068 554 3128 aut
577 3054 676 3127 solus
701 3054 844 3127 insanio
870 3077 939 3152 ego
962 3064 1025 3127 aut
1055 3053 1153 3127 solus
1174 3078 1251 3129 nou

109 3188 272 3261 insanio:
298 3189 450 3263 tertium
474 3187 573 3261 enim
603 3211 678 3260 nou
708 3197 777 3276 est,
800 3187 884 3276 nisi,
910 3185 1009 3283 quod
1033 3185 1130 3260 dicet
1152 3187 1251 3287 forte

110 3320 252 3417 aliquis,
283 3321 507 3395 insaniemus
534 3344 672 3394 omnes.
724 3321 908 3395 Caeterum
942 3321 1020 3395 sine
1049 3319 1176 3418 judice
1205 3320 1250 3395 lis

111 3465 179 3543 est,
213 3453 284 3527 nisi
317 3453 419 3550 quod
441 3452 606 3550 judicem
640 3453 837 3550 aliquando
867 3452 1021 3550 seipsam
1052 3455 1251 3529 constituet

110 3585 274 3660 nondum
308 3587 449 3660 imbuta
481 3583 687 3682 posteritas.
751 3584 879 3657 Videri
918 3585 986 3658 tibi
1019 3585 1161 3660 interea
1193 3585 1250 3659 vir
1316 3656 1320 3661 .

110 3720 242 3810 bouus,
277 3720 346 3794 etsi
379 3720 557 3816 pessimus
591 3729 792 3816 geometra,
827 3718 915 3793 satis
948 3718 1079 3793 habeo.
1130 3718 1249 3792 Deum

110 3879 244 3953 precor
269 3866 312 3929 ut
339 3866 377 3929 te
400 3855 540 3952 optimo
565 3853 657 3951 Regi
680 3852 889 3927 ministrum
918 3853 1099 3950 optimum
1122 3851 1251 3925 diutis·

110 3988 201 4062 sime
218 4012 435 4063 conservare
451 3987 551 4061 velit.

478 4154 673 4227 Servorum
691 4165 840 4228 tuorum
854 4151 1078 4225 humillimus

847 4310 986 4386 Tuom.
1015 4312 1201 4386 Hoasus.
