2888 5002
402 443 718 496 uarnnunrrcra
739 444 983 496 nomnnum.
1139 428 1210 505 173

213 607 259 681 A.
289 608 481 682 Hactenus
508 618 689 682 tractatus
719 608 780 680 De
813 605 961 707 Augulo
994 609 1209 700 Contactua,
1246 636 1398 680 antonus

165 747 274 820 quem
300 723 404 796 vides
432 724 596 820 ejusdem
621 746 700 796 esse
725 721 854 795 farinae
884 747 969 796 cum
995 747 1106 821 opere
1132 726 1211 821 ejus
1250 722 1396 822 νζ,

164 838 399 910 arithmetico
415 836 574 934 integro.

218 950 266 1023 Β.
295 950 579 1045 Progrediamur
612 975 701 1046 ergo
736 949 783 1022 ad
818 960 1019 1024 tractatum
1051 950 1097 1024 de
1125 948 1214 1022 See·

165 1062 326 1135 tionibus
354 1062 516 1152 Coaicia,
534 1064 598 1159 qui
622 1062 863 1158 distinguitur
892 1064 931 1137 in
961 1076 1037 1141 tres
1066 1075 1212 1161 partem

167 1201 323 1273 quarum
353 1175 473 1273 prima
501 1176 720 1273 prooemium
742 1177 854 1249 habet
879 1189 918 1249 et
944 1177 1214 1273 propositiones

167 1289 322 1385 viginti:
364 1287 538 1379 secunda,
572 1291 842 1386 propositiones
875 1290 1007 1386 viginti
1041 1301 1079 1363 et
1112 1302 1212 1362 tres:

168 1404 289 1487 tertia,
314 1403 585 1498 propositiones
608 1427 684 1476 sex.
741 1403 784 1475 ln
815 1402 994 1498 prooemio
1021 1403 1103 1498 plus
1129 1426 1214 1497 pro-

170 1515 285 1589 mittit
303 1539 412 1611 quarn
430 1527 515 1612 post
536 1528 700 1612 praestat.
740 1516 924 1611 Supponit
941 1526 1067 1588 autem
1083 1537 1217 1610 propo·

169 1628 254 1701 sitio
277 1629 408 1724 prima,
425 1628 583 1725 planum
606 1627 792 1726 quodlibet
818 1629 974 1723 coifiori
996 1653 1043 1701 ea
1060 1627 1215 1722 irfiuitia

163 1739 542 1838 parallelogrammis
563 1740 780 1837 aequalibus,
798 1764 948 1837 quorum
971 1741 1118 1837 quidem
1144 1740 1215 1810 aiu-

168 1851 343 1950 gulorum
353 1851 514 1925 altitudo
524 1853 576 1925 ait
589 1854 703 1926 toliua
716 1852 928 1926 altitudinis
932 1876 1035 1951 pora
1046 1851 1217 1950 aliquota

172 1965 312 2060 irqtuite
320 1989 459 2063 parua.
491 1967 685 2055 Praetereo,
699 1967 799 2063 quod
815 1968 846 2040 si
859 1968 1008 2063 planum
1024 1966 1217 2063 parallelo-

171 2101 377 2174 grammum
408 2101 483 2149 non
514 2079 575 2166 sit,
610 2079 763 2151 conflari
790 2103 834 2150 ex
865 2078 1217 2176 parallelogrammis

172 2213 247 2262 non
264 2201 398 2285 potest.
450 2190 634 2262 Praetereo
659 2191 760 2278 item,
781 2191 881 2285 quod
904 2193 1055 2288 planum
1072 2193 1218 2265 finitum

173 2327 219 2375 ex
242 2302 395 2375 infinitis
417 2302 769 2398 parallelogrammis
798 2305 950 2377 conflari
977 2329 1053 2379 non
1083 2316 1218 2402 potest.

175 2416 240 2488 llle
259 2429 382 2489 autem
400 2416 472 2489 hoc
494 2416 611 2488 voluit
634 2417 787 2489 conflari
809 2418 961 2512 planum
991 2442 1037 2491 ex
1066 2418 1220 2491 infinitis

175 2553 329 2603 numero
343 2528 717 2626 parallelogrammis;
745 2528 843 2600 idem
877 2541 1014 2625 putans
1037 2553 1115 2602 esse
1138 2530 1221 2601 infi-

175 2643 256 2715 nita
271 2642 625 2738 parallelogramma,
642 2653 680 2715 et
696 2642 841 2715 infinita
857 2666 1011 2715 numero
1027 2642 1221 2738 parallelo-

175 2779 353 2851 gramma.
419 2754 464 2827 ld
497 2754 598 2851 quod
631 2765 759 2827 notare
794 2755 889 2842 volo,
922 2755 993 2828 hoe
1023 2766 1090 2844 est,
1122 2753 1222 2851 quod

177 2878 362 2965 supponat
386 2877 530 2964 partem
556 2868 716 2964 aliquam
742 2867 943 2962 aliquotam
970 2892 1049 2941 esse
1078 2868 1221 2941 infinite

178 3006 351 3077 parvam;
369 3005 456 3054 nam
469 2990 526 3054 est
538 2980 784 3055 contradictio
795 2981 834 3053 in
847 2981 1090 3076 adjeet0,non
1103 2982 1223 3055 minor

179 3120 291 3192 quam
308 3094 338 3168 si
355 3094 438 3191 quis
455 3093 596 3168 diceret
621 3118 770 3167 curvam
796 3093 956 3189 aliquam
981 3095 1117 3168 lineam
1143 3119 1224 3168 esse

179 3221 332 3282 rectam.
386 3208 479 3280 Cum
497 3208 595 3281 enim
619 3207 709 3280 dicit
735 3219 877 3303 partem
902 3207 1115 3304 aliquotam,
1134 3207 1226 3281 dicit

180 3322 427 3419 quantitatem
461 3321 500 3394 in
535 3322 761 3417 quantitates
797 3321 1015 3394 divisibilem
1045 3334 1225 3418 perpetuo

181 3434 391 3508 divisibiles.
428 3434 467 3507 Si
486 3457 575 3529 ergo
592 3458 678 3530 pars
695 3434 860 3530 aliquota
877 3434 925 3507 sit
941 3435 1084 3507 infinite
1101 3458 1226 3531 parva,

180 3548 253 3620 erit
271 3546 333 3619 illa
349 3546 453 3618 nihil.
504 3547 553 3618 Et
570 3547 658 3642 quia
673 3571 760 3643 pars
784 3547 950 3643 aliquota
967 3547 1015 3620 ad
1033 3558 1154 3621 totum
1172 3560 1228 3622 est

180 3672 224 3734 nt
253 3683 367 3732 unum
394 3658 675 3748 adnumerum,
702 3661 773 3734 erit
802 3650 960 3756 qnoque,
989 3670 1031 3733 ut
1058 3662 1150 3734 nihil
1180 3661 1227 3734 ad

182 3772 441 3871 quantitatem,
459 3771 512 3844 ita
528 3771 652 3845 unitas
669 3771 717 3844 ad
739 3795 943 3846 numerum.
997 3773 1132 3848 Nonne
1157 3775 1228 3848 hoc

181 3909 287 3983 aeque
304 3884 503 3957 absurdum
522 3895 589 3973 est,
607 3909 650 3957 ac
676 3884 766 3957 illud
784 3883 913 3975 Clavii,
932 3888 1093 3960 transiri
1112 3911 1230 3985 posse

182 4024 207 4072 a
228 3999 370 4071 minore
396 3997 452 4070 ad
473 4000 605 4093 majus,
629 4021 693 4070 uec
719 4006 841 4071 lumea
859 4023 937 4096 per
953 3998 1129 4096 aequalet
1180 4001 1229 4072 Et

183 4111 301 4185 multo
331 4110 449 4206 magis
478 4110 679 4184 absurdum
712 4136 824 4207 qnam
852 4113 929 4186 ulla
958 4124 1023 4186 aut
1053 4112 1228 4208 Scaligeri

184 4224 384 4314 conclusi0,
403 4235 467 4297 ant
484 4225 657 4298 Orontii?

237 4339 286 4413 Α.
314 4339 372 4411 lta
401 4349 469 4410 est.
529 4337 660 4434 Neque
690 4352 791 4413 recte
821 4339 911 4413 dicit
941 4350 1228 4414 consentaneum
