2888 4988
272 401 345 469 346
553 416 832 470 cananeum
852 414 1045 469 arausice.

89 610 158 652 aaa.
173 611 214 652 v1.
271 585 395 675 idest,
413 585 444 659 si
462 586 618 682 angulus
641 587 749 660 ECA
767 586 873 660 valde
897 586 1052 683 exiguus
1082 597 1191 674 esset,
1212 584 1318 659 navis

59 680 384 794 ..ffiffleao
401 699 543 773 tardius
560 701 631 774 aa
648 700 687 773 tn
705 700 804 774 anea
821 701 905 788 ca,
923 724 1034 797 quam
1052 699 1267 773 lateraliter.
1310 720 1313 726 ·

58 803 261 914 glfflffl'*
320 812 372 886 B.
398 813 555 886 Tardius
582 825 682 886 certe
711 823 818 887 tanto
845 813 929 903 iret,
956 839 1029 912 quo
1056 827 1189 887 ventus
1220 825 1320 886 esset

271 925 389 1022 magia
407 927 638 1000 contrarius:
665 926 730 1000 sed
747 926 850 1001 navia
873 927 1074 1001 lateraliter
1091 926 1233 1000 tardius
1250 927 1320 998 ibit

269 1063 381 1137 quam
412 1039 545 1114 credis.
598 1040 693 1115 Nam
722 1052 845 1116 motus
868 1040 917 1115 ad
942 1041 1059 1115 latera
1084 1040 1167 1114 duae
1195 1065 1318 1114 causae

270 1166 381 1226 sunta
409 1177 565 1249 quarum
595 1153 712 1227 altera
738 1168 794 1228 est
810 1166 943 1228 ventus
960 1152 1022 1228 ille
1040 1153 1104 1249 qui
1121 1153 1253 1227 incidit
1278 1154 1317 1227 in

269 1265 391 1360 ipsum
418 1265 515 1339 latus
541 1265 667 1352 navis;
694 1266 812 1340 altera
828 1277 885 1341 est
901 1266 973 1340 veli
989 1261 1163 1340 sinuatio.
1214 1266 1318 1342 Qua-

269 1401 354 1450 rum
370 1402 564 1452 causarum
580 1379 700 1475 prima
722 1379 814 1454 nihil
831 1380 909 1454 fere
926 1379 1049 1469 efficit,
1068 1379 1155 1475 quia
1170 1380 1317 1477 pondus

270 1513 375 1587 aquae
391 1492 493 1588 quod
509 1515 533 1565 a
548 1491 665 1565 latere
689 1492 794 1566 navis
816 1492 1097 1590 propellendum
1114 1506 1183 1583 est,
1200 1494 1317 1568 maxi-

269 1627 371 1677 mum
395 1615 471 1679 est:
497 1603 659 1679 secunda
686 1616 829 1680 motum
854 1607 958 1680 navis
980 1607 1019 1680 in
1045 1606 1232 1681 anteriora
1249 1606 1317 1681 ali-

268 1729 449 1814 quantum
466 1717 632 1814 impedit.

318 1830 369 1903 A.
397 1830 510 1906 Quod
539 1830 644 1903 navis
671 1843 794 1903 motus
821 1830 994 1922 lateralia,
1020 1831 1091 1905 nisi
1116 1832 1156 1906 in
1177 1831 1315 1928 longis-

267 1943 362 2016 sima
395 1943 642 2040 navigatione,
677 1966 753 2016 non
792 1944 951 2018 multum
991 1945 1169 2042 impediat
1206 1944 1316 2018 facile

268 2056 457 2131 concedo:
484 2058 549 2131 sed
569 2057 642 2131 veli
670 2056 915 2132 sinuationem
946 2059 1154 2132 accelerare
1182 2083 1315 2133 navem

268 2169 421 2260 credidi,
438 2171 561 2269 potius
578 2194 690 2269 quam
705 2171 896 2268 impedire.

317 2283 367 2356 B.
394 2284 507 2359 Error
519 2298 588 2358 est.
625 2283 722 2357 Nam
733 2284 909 2381 impedit:
926 2285 1047 2358 minus
1059 2297 1184 2359 tamen
1198 2307 1315 2380 quan-

266 2394 316 2470 do
333 2409 467 2470 ventus
483 2421 507 2471 a
523 2420 647 2493 puppe
664 2397 790 2492 spirat.

317 2511 367 2586 A.
392 2511 549 2586 Videtur
562 2535 665 2607 ergo,
677 2511 709 2584 si
726 2511 854 2586 tabula
870 2510 994 2608 aliqua
1009 2510 1096 2599 lata,
1110 2509 1315 2604 eademque

266 2625 400 2715 tenuis,
418 2649 486 2722 pro
503 2624 585 2699 velo
602 2636 715 2698 vento
733 2624 1011 2713 obtenderetur,
1026 2622 1313 2697 commodiorem

265 2725 365 2811 fore:¹
391 2739 477 2834 quia
493 2739 614 2811 minus
631 2740 799 2812 sinuatur
817 2761 927 2833 quam
945 2736 1068 2810 velum
1085 2761 1132 2809 ex
1148 2736 1237 2809 lino.

319 2850 368 2923 B.
395 2851 487 2924 Vela
509 2850 632 2946 lignea
651 2861 742 2946 quot
763 2849 998 2923 incommoda
1015 2873 1141 2924 secum
1156 2847 1314 2922 allatura

267 2976 367 3054 sunt,
390 2964 498 3037 facile
527 2963 721 3061 providere
747 2963 845 3052 licet,
872 2964 986 3037 etiam
1009 2964 1146 3059 absque
1169 2961 1314 3057 experi-

266 3079 378 3152 entia.
428 3078 633 3174 Expertum
662 3089 786 3150 tamen
811 3075 887 3150 vidi
915 3076 954 3150 in
972 3076 1054 3150 velo
1075 3075 1198 3172 ligneo
1222 3072 1312 3169 quid

265 3192 410 3264 efficere
427 3203 560 3265 ventus
576 3202 713 3288 potest.
749 3190 835 3264 Vidi
854 3190 953 3263 enim
970 3189 1134 3264 tabulam
1151 3188 1312 3283 ligneam

266 3315 423 3399 quatuor
443 3304 634 3378 trochiscis
649 3303 871 3400 impositam,
889 3315 928 3377 et
945 3304 984 3376 in
1008 3301 1130 3376 medio
1147 3303 1226 3398 ejus
1242 3324 1312 3397 pro

265 3417 361 3490 malo
391 3430 555 3491 erectum
578 3418 764 3506 baculum,
793 3430 832 3490 et
857 3417 990 3490 baculo
1025 3416 1171 3489 affixam
1202 3413 1312 3486 aliam

264 3530 428 3603 tabulam
455 3531 571 3604 instar
588 3530 685 3615 veli3
711 3541 822 3627 atque
843 3531 898 3603 ita
920 3529 1149 3618 collocatam,
1166 3537 1209 3601 ut
1225 3550 1312 3600 ven·

263 3654 324 3716 tus
341 3643 380 3716 in
403 3667 484 3716 cam
514 3643 695 3717 incideret
723 3642 998 3739 obliquissime;
1029 3666 1173 3738 nempe,
1190 3641 1229 3713 in
1247 3664 1313 3714 an-

263 3755 350 3851 gulo
368 3757 485 3829 multo
499 3758 641 3830 minore
652 3781 761 3853 quam
779 3770 836 3829 est
853 3757 1009 3854 angulus
1027 3757 1065 3829 in
1079 3753 1311 3852 praecedente

263 3872 382 3964 figura
399 3870 516 3958 ACE,
535 3869 660 3959 idest,
679 3872 731 3943 ita
747 3883 790 3944 ut
811 3885 908 3944 esset
933 3871 973 3944 in
997 3871 1070 3944 situ
1093 3869 1142 3943 ad
1159 3882 1310 3941 ventum

261 3981 338 4055 fere
356 3984 556 4056 contrario.
598 3984 741 4057 Tabula
757 3983 838 4057 haec
856 4008 940 4057 cum
954 3984 1035 4056 velo
1050 4007 1116 4056 suo
1130 3983 1253 4079 ligneo
1271 3982 1309 4053 in

262 4096 473 4192 pavimento
491 4096 559 4168 sub
578 4095 651 4185 dic,
670 4096 833 4193 spirante
851 4107 962 4169 vento
989 4094 1177 4185 mediocri,
1196 4095 1309 4167 eollo-

264 4219 346 4282 cata
363 4221 429 4282 est.
468 4208 600 4283 Evenit
613 4223 749 4299 autem,
760 4221 803 4284 ut
819 4211 940 4308 primo
955 4210 1108 4284 immota
1124 4208 1309 4304 paulisper
