2888 4988
300 412 373 480 406
456 427 509 478 nu
528 425 757 479 carucmns
776 424 827 479 aa
845 423 1205 477 aaarocmamonn

115 618 181 659 cir.
193 619 259 661 vm.
300 589 390 662 culis
406 591 579 687 integris;
597 614 803 689 quanquam
820 612 926 662 arcus
940 589 1013 663 ΒΜ
1026 591 1143 687 maj0r
1160 591 1209 666 sit
1222 613 1337 688 quam

117 688 259 805 ,qq
301 703 380 776 au.

350 813 541 905 Praeterea,
560 817 597 889 in
612 815 740 889 eodem
758 815 907 905 circulo,
922 838 995 911 quo
1013 816 1133 889 minor
1149 828 1207 891 est
1223 840 1334 890 arcus

299 952 343 1002 eo
359 931 538 1002 minorem
554 929 666 1003 habet
687 929 918 1017 curvitatem,
936 930 974 1002 in
1001 930 1143 1004 ratione
1169 932 1335 1028 ipsorum

299 1065 460 1132 arcuum,
479 1042 541 1138 qni
565 1043 602 1114 in
628 1044 727 1115 omni
753 1055 891 1140 puncto
909 1042 1099 1139 aequaliter
1120 1044 1334 1132 flectuntur,

299 1155 374 1228 sive
392 1154 640 1229 incurvantur.

349 1267 548 1358 Postremo,
560 1281 693 1342 natura
708 1268 832 1365 anguli
846 1292 955 1365 quem
971 1268 1113 1343 faciunt
1130 1268 1205 1343 duo
1223 1293 1332 1343 arcus

299 1381 375 1471 BA,
403 1382 480 1469 BD,
510 1405 583 1455 non
618 1382 784 1456 consistit
816 1381 855 1454 in
886 1381 1092 1478 quantitate
1126 1383 1333 1479 superficiei

297 1518 406 1591 quam
435 1495 648 1568 continent:
675 1518 760 1568 nam
788 1495 913 1590 anguli
943 1495 1129 1592 quantitas
1157 1494 1334 1568 determi-

296 1619 394 1697 nata,
412 1609 620 1704 superficies
642 1607 704 1680 illa
727 1608 1009 1682 indeterminata
1033 1621 1102 1683 est.
1156 1607 1334 1681 Similiter

296 1743 414 1817 neque
447 1721 613 1795 consistit
646 1733 777 1795 natura
803 1721 940 1818 anguli,
967 1746 1076 1819 quem
1106 1721 1196 1794 facit
1228 1732 1335 1794 recta

297 1833 360 1905 BL
377 1857 460 1906 cum
483 1857 571 1907 arcu
597 1834 682 1923 ΒΜ,
701 1833 738 1906 in
756 1835 947 1930 superficie
960 1832 1161 1923 indefinita,
1180 1832 1240 1906 cui
1256 1833 1333 1907 illae

297 1943 378 2015 duae
394 1944 498 2017 lineae
515 1945 686 2040 utrinque
704 1944 862 2018 adstant.
959 1938 968 1955 '

346 2061 369 2096 “
381 2057 425 2129 In
442 2081 514 2153 quo
527 2058 649 2153 ergo'',
666 2058 817 2153 inquies,
836 2057 1039 2131 “consistit
1055 2068 1188 2131 natura
1203 2057 1333 2153 anguli

298 2181 488 2243 contactus
506 2169 660 2243 duorum
676 2194 839 2260 arcuum,
850 2171 908 2243 vel
926 2194 1032 2244 arcus
1049 2185 1088 2243 et
1104 2170 1256 2244 rectae?”
1285 2169 1332 2242 In

297 2306 353 2371 eo,
371 2283 469 2377 quod
490 2283 644 2378 angulus
668 2282 728 2355 ille
751 2283 971 2356 determinat
988 2282 1229 2379 quantitatem
1246 2307 1332 2356 cur-

296 2395 443 2467 vitatis:
470 2409 513 2467 ut
539 2419 584 2467 ex
608 2394 717 2466 modo
741 2394 848 2468 dictis
871 2405 997 2491 aperte
1019 2410 1176 2468 constat.
1230 2396 1331 2468 Nam

296 2531 379 2579 cum
397 2507 469 2580 duo
482 2531 588 2580 arcus
600 2508 677 2594 BD,
689 2507 755 2579 BA
767 2507 841 2581 sint
856 2530 957 2602 aeque
971 2507 1085 2596 curvi,
1099 2519 1207 2581 erunt
1217 2509 1331 2581 etiam

295 2644 400 2693 arcus
419 2621 504 2710 ΒΜ,
520 2621 588 2693 ΒΝ
604 2620 681 2718 (qui
698 2631 782 2694 sunt
795 2634 838 2692 ut
851 2644 956 2693 arcus
970 2622 1035 2694 BD
1049 2622 1096 2694 ad
1110 2645 1235 2694 arcum
1250 2622 1332 2715 BA)

296 2757 397 2828 aeque
420 2734 534 2807 curvi.
585 2735 634 2807 Et
650 2735 736 2830 quia
752 2757 859 2807 arcus
882 2734 954 2806 ΒΜ
972 2735 1083 2830 duplo
1101 2736 1248 2808 curvior
1270 2748 1330 2810 est

296 2870 360 2918 sua
385 2846 544 2936 semisse,
564 2863 655 2944 puta
676 2871 764 2921 arcu
781 2849 858 2937 ΒΟ,
877 2849 948 2922 erit
964 2873 1107 2945 quoque
1134 2873 1240 2922 arcus
1258 2850 1328 2923 BN

296 2959 406 3054 duplo
420 2959 564 3032 curvior
576 2985 685 3056 quam
697 2972 753 3034 est
770 2961 866 3034 idem
880 2985 985 3034 arcus
1001 2962 1064 3035 ΒΟ
1079 2962 1148 3035 sibi
1164 2963 1327 3059 aequalis.

295 3071 417 3167 Atque
435 3071 531 3145 idem
549 3074 697 3146 omnino
711 3074 901 3169 continget
916 3074 1070 3148 inomni
1086 3075 1158 3149 alia
1173 3100 1329 3174 propor-

294 3184 394 3256 tione
411 3209 518 3258 arcus
536 3186 728 3259 exterioris
745 3185 793 3259 ad
810 3186 1035 3261 interiorem.

344 3298 472 3393 ltaque
489 3322 594 3371 arcus
612 3299 664 3371 illi
682 3301 744 3394 qui
760 3299 936 3395 angulum
949 3310 1139 3373 contactus
1153 3298 1329 3374 dicuntur

294 3409 446 3500 efficere,
465 3411 564 3484 aliud
581 3436 655 3485 non
678 3425 764 3484 sunt
791 3413 981 3508 (quoniam
1005 3414 1165 3487 curvitas
1193 3416 1324 3510 major,

294 3522 350 3595 vel
367 3523 498 3615 minor,
514 3524 573 3597 vel
589 3525 749 3622 aqualis,
767 3526 873 3600 alteri
897 3527 1068 3601 curvitati
1089 3551 1168 3600 esse
1184 3529 1323 3625 potest)

293 3659 403 3730 quam
421 3639 603 3733 quantitas
617 3641 821 3713 curvedinis
839 3640 1152 3714 circumferentia.
1196 3642 1325 3736 Itaque

292 3750 465 3843 angulum
500 3763 700 3839 contactus
735 3776 844 3846 quem
882 3755 1056 3850 angulum
1090 3754 1163 3826 dici
1196 3755 1325 3827 volunt

291 3877 500 3955 geometrae,
515 3866 567 3936 sic
581 3865 733 3937 definio:
751 3863 918 3964 Angelus
931 3877 1120 3939 contactae
1136 3877 1194 3939 eat
1211 3893 1326 3965 quan-

292 3973 383 4046 titas·
400 3976 593 4048 curvitatis
605 4002 684 4074 quea
701 3987 757 4050 est
770 3978 806 4050 in
819 4003 911 4050 arcu
927 3978 1182 4075 circulisacta
1199 4005 1224 4052 a
1240 4004 1325 4053 con·

291 4088 393 4160 tincta
410 4097 446 4160 et
459 4089 802 4185 rtnfformiflcaione
819 4091 923 4164 linea
939 4102 1064 4165 rectae.

342 4201 513 4296 Sequitur
529 4203 626 4292 hinc,
640 4203 678 4274 in
697 4218 833 4299 puncto
849 4205 968 4300 primo
982 4217 1092 4279 rectae
1104 4207 1177 4296 BL,
1191 4230 1323 4302 nempe

291 4325 427 4407 puncto
446 4315 488 4405 B,
507 4316 568 4389 ubi
595 4317 696 4390 nulla
721 4318 875 4415 intelligi
901 4330 1025 4414 potest
1048 4320 1167 4410 flexio,
1184 4319 1322 4393 nullam
