2888 5002
336 421 653 474 aarunmarrcm
674 420 920 474 nonrnanm.
1104 405 1152 471 33

178 594 228 666 Α.
254 591 415 666 Pronum
431 602 488 664 est
503 589 681 678 oblivisci,
698 613 781 686 qnae
797 611 872 662 non
889 586 1084 683 intelligas
1208 613 1357 656 arumna

175 704 223 779 Β.
248 705 317 778 Est
332 705 372 776 in
388 703 446 777 his
461 702 558 777 illius
572 702 693 776 verbis
709 702 809 800 qnod
821 724 897 775 non
909 701 1030 774 minus
1046 723 1168 798 repre·
1207 695 1350 799 „L

124 818 338 902 henderem‚
357 841 468 914 quam
484 841 529 890 ea
546 840 628 913 qnae
652 828 706 907 tu,
735 838 945 913 quanquam
967 815 1007 888 in
1022 838 1167 912 geome-

124 931 208 1006 triae
223 929 431 1027 professore
448 931 671 1028 turpissima,
689 930 800 1004 modo
815 928 1094 1026 reprehendisti.

175 1045 226 1118 A.
253 1043 355 1118 Quid
370 1044 463 1117 illnd
478 1044 562 1118 est?

176 1157 226 1230 B.
261 1156 369 1230 Oriri
389 1155 526 1229 lineam
551 1181 597 1230 ea
611 1157 727 1252 flaua
744 1154 891 1253 puncti,
914 1154 1092 1228 traditam
1109 1165 1168 1228 eet

125 1294 198 1343 non
214 1270 350 1368 inepte.

178 1384 229 1457 A.
256 1383 371 1456 Recte
388 1381 427 1455 id
444 1382 545 1457 dicit.

176 1493 225 1569 Β.
251 1496 311 1568 An
328 1508 506 1593 punctum
522 1496 617 1569 fluit.

178 1609 228 1682 A.
256 1608 423 1684 Quidni?

178 1720 228 1794 B.
255 1721 428 1794 Movetnr
444 1744 544 1817 ergo.

176 1834 227 1907 Α.
252 1834 390 1907 Verum
407 1832 511 1906 dicis.

178 1950 228 2024 B.
255 1950 464 2025 Aristotelis
480 1962 549 2040 est,
566 1949 658 2022 nihil
674 1949 814 2022 moveri
829 1962 965 2046 praeter
982 1973 1125 2048 corpus.

177 2062 225 2134 A.
247 2063 385 2138 Verum
401 2063 473 2137 hoc
497 2086 654 2160 quoque.
706 2062 791 2136 Non
810 2065 908 2136 enim
925 2065 1053 2161 puncti
1066 2064 1168 2137 nulla

126 2188 185 2250 est
202 2176 400 2273 quantitas,
431 2175 498 2249 sed
524 2176 626 2249 nulla
652 2187 899 2272 computatur.
950 2177 1030 2251 Nec
1047 2177 1168 2274 ipsum

126 2303 307 2387 punctum
324 2288 429 2378 nihil,
456 2299 521 2363 aut
542 2288 762 2362 indivisibile
781 2301 850 2377 est,
876 2289 941 2364 sed
957 2290 1165 2364 indivisum.

128 2406 260 2500 Itaque
277 2403 341 2500 qui
359 2401 487 2476 dicunt
504 2401 674 2475 tellurem
690 2425 768 2475 esse
784 2416 975 2499 punctum,
999 2426 1075 2476 non
1100 2403 1169 2476 im-

127 2517 277 2616 proprie
293 2517 507 2612 loquuntur,
520 2515 664 2612 quoties
682 2513 729 2588 de
745 2538 790 2587 ea
802 2517 937 2612 agitur,
946 2527 988 2589 ut
1002 2515 1041 2588 in
1053 2527 1170 2588 astro-

127 2631 264 2719 nomia,
293 2630 522 2704 describente
548 2628 683 2703 lineam
709 2640 833 2702 motus
863 2629 986 2703 annui.
1039 2628 1169 2725 Neque

127 2744 236 2818 lineae
252 2742 411 2817 latitudo
428 2742 530 2817 nulla
554 2754 623 2831 est,
640 2741 706 2816 sed
728 2740 830 2814 nulla
852 2740 1106 2815 consideratur
1129 2741 1169 2814 in

128 2856 454 2931 demonstratione.
505 2855 655 2952 Alioqui
681 2855 904 2952 impossibile
932 2867 1041 2944 esset,
1070 2854 1170 2952 qnod

127 2969 291 3067 postulat
319 2968 502 3059 Euclides,
533 2968 669 3042 lineam
696 2968 852 3054 ducere;
880 2978 919 3043 et
944 2992 1011 3065 per
1040 2992 1170 3043 conse-

129 3108 247 3182 quens
264 3094 345 3157 tota
361 3083 499 3179 periret
514 3082 678 3156 Euclidis
693 3083 906 3179 geometria

180 3196 230 3270 B.
259 3197 385 3270 Recte.
429 3196 575 3293 Negato
592 3195 691 3270 enim
708 3195 807 3293 quod
821 3197 940 3294 possit
957 3195 1042 3270 duci
1059 3196 1168 3286 linea,

127 3332 249 3405 neque
265 3310 305 3382 in
321 3309 418 3383 illins
433 3308 645 3396 Elementis,
665 3330 786 3405 neque
803 3309 839 3382 in
862 3332 1079 3406 quocunque
1096 3310 1169 3384 alio

127 3422 461 3519 librogeometrico
475 3421 671 3518 quicquam
685 3433 787 3496 extat
800 3421 1051 3497 demonstrati.
1080 3424 1169 3497 Esto

128 3560 219 3632 ergo
245 3559 373 3608 verum
402 3534 502 3632 qnod
527 3535 588 3608 hic
618 3534 719 3608 dicit
775 3535 907 3609 Certus
935 3548 1060 3609 tamen
1088 3560 1169 3610 snm

128 3648 238 3723 aliter
273 3648 428 3722 sensisse
466 3648 587 3744 ipsum
632 3671 717 3721 cum
750 3646 952 3722 Elcacdum
992 3649 1170 3724 scriberet

129 3772 261 3836 contra
279 3761 480 3850 Hobbium,
497 3758 625 3834 eadem
650 3760 835 3834 dicentem
852 3785 935 3858 qnae
960 3785 1058 3836 nnnc
1075 3763 1168 3839 dicis

128 3886 185 3964 tu,
202 3897 313 3970 quem
330 3874 377 3947 ob
394 3873 434 3948 id
449 3873 569 3970 ipsum
586 3874 756 3949 convitiis
773 3888 912 3950 onerat.

179 3985 227 4060 A.
251 3987 373 4061 'lanto
403 3995 460 4061 est
488 3988 656 4084 nequior.
720 3989 794 4064 Sed
819 3993 1168 4087 pergamus-Non

128 4101 248 4174 minua
265 4110 370 4175 recte
385 4110 519 4190 tamen,
536 4126 594 4176 me
608 4101 753 4197 judice,
775 4103 975 4193 diceretur,
1005 4107 1040 4177 ai
1064 4130 1166 4203 mag·

126 4213 312 4288 citudinic
334 4214 564 4312 principium
596 4215 800 4290 diceremur
840 4218 977 4315 (prout
1005 4218 1066 4291 laic
1096 4217 1168 4291 loci

119 4327 310 4426 principii
332 4351 404 4401 voa
425 4327 572 4403 videtur
595 4329 866 4429 intelligenda)
894 4331 1015 4428 ipsam
1042 4341 1168 4405 ecten-

228 4461 324 4514 von.
339 4461 396 4514 ιν.
1041 4466 1068 4519 n
