2888 4988
216 395 290 464 380
539 409 793 465 uuunrcnuro
813 410 925 465 cum.

216 579 311 652 Cum
332 577 456 673 itaque
479 589 565 652 sunt
588 579 753 677 ejusdem
777 579 918 667 circuli,
934 591 1014 653 tum
1031 577 1100 652 ΑΙ)
1117 578 1255 672 radius,

215 704 297 767 tum
329 692 390 765 AS
425 691 526 766 sinus
559 693 742 790 graduum
775 703 849 779 45;
879 693 951 767 erit
984 693 1097 767 AS=
1111 702 1185 778 *123
1217 704 1258 768 et

217 806 404 880 SD=2-
418 814 493 890 ,123
521 818 559 880 et
575 801 786 896 'ulfi-s
803 814 869 879 dt.
921 803 1097 901 Adeoque
1113 805 1254 882 TV=2

214 935 284 1014 -p
301 929 352 994 ua
369 951 378 1004 ;
398 929 434 993 et
447 918 640 993 DY=3-
654 928 725 1002 um
743 931 782 992 et
799 917 921 992 DX:
936 905 1120 993 uaTJa
1146 919 1259 994 Ideo-

214 1056 286 1128 que
319 1033 437 1107 tribus
471 1032 551 1123 DV,
581 1031 665 1121 DX,
698 1031 767 1105 DY
806 1043 937 1128 quarta
969 1032 1256 1130 proportionalis

217 1147 344 1242 (qnam
361 1146 511 1243 quidem
534 1145 726 1220 abscindet
749 1144 810 1217 YZ
826 1158 930 1218 recta
953 1143 1001 1219 ad
1026 1157 1166 1219 rectam
1189 1146 1256 1221 DP

214 1258 441 1351 continuata)
451 1258 522 1331 erit
540 1267 615 1331 3-
628 1267 681 1331 dt
695 1256 734 1330 in
767 1243 950 1345 43:52,
968 1257 1040 1331 hoc
1057 1269 1115 1332 est
1131 1266 1164 1332 1.
1177 1264 1254 1343 997

212 1372 308 1454 ferez
333 1372 454 1444 minor
471 1395 581 1468 quam
600 1370 753 1445 DP=a
800 1370 979 1467 Adeoque
993 1371 1054 1444 YZ
1071 1372 1257 1468 producta

213 1494 382 1558 occurret
398 1494 510 1557 rectae
527 1483 603 1571 DP,
616 1505 692 1555 non
710 1480 858 1578 quidem
876 1481 915 1554 in
932 1493 1071 1579 puncto
1084 1484 1123 1572 P,
1140 1484 1255 1559 sedin

213 1609 352 1695 puncto
370 1597 493 1694 aliquo
510 1595 607 1669 inter
625 1597 707 1669 Pet
724 1595 772 1669 D.
806 1596 855 1669 Et
871 1608 1151 1693 consequenter,
1168 1621 1254 1672 cum

214 1710 261 1784 sit
277 1711 378 1785 XYZ
395 1709 551 1807 angulus
569 1721 705 1799 rectus,
722 1709 796 1782 erit
810 1709 912 1783 XYP
928 1722 1031 1784 recto
1049 1712 1204 1808 major.”

262 1823 326 1898 Ad
356 1824 487 1898 calculi
520 1823 630 1920 hujus
657 1823 976 1912 examinationem,
1006 1825 1172 1899 notanda
1198 1836 1256 1900 est

212 1935 421 2010 differentia
436 1937 534 2011 inter
558 1936 875 2010 arithmeticorum
897 1937 1253 2035 multiplicationem,

211 2062 250 2124 et
273 2049 485 2124 ductionem
511 2060 795 2146 geometrarum,
813 2049 902 2123 satis
928 2074 996 2147 per
1020 2075 1058 2124 se
1086 2052 1164 2125 sine
1188 2051 1255 2127 de-

211 2165 476 2239 monstratione
493 2163 763 2237 mathematicis
777 2162 940 2258 cognita.

260 2275 495 2349 Arithmetici
513 2276 736 2372 quantitates
753 2276 917 2373 aliasque
934 2300 993 2350 res
1011 2301 1138 2352 omnes
1154 2278 1254 2352 mul-

211 2388 381 2487 tiplicant
402 2388 721 2486 multiplicandum
747 2389 859 2463 semel
886 2389 945 2464 vel
970 2391 1103 2487 saepius
1125 2415 1254 2464 nume·

211 2501 342 2576 rando.
393 2502 487 2577 Quae
522 2502 777 2600 multiplicatio
805 2501 898 2575 nihil
926 2500 1027 2577 aliud
1057 2515 1114 2576 est
1141 2526 1252 2600 quam

211 2616 418 2713 aequalium,
436 2625 615 2712 quatenus
631 2612 838 2711 aeqnalium,
856 2614 1011 2691 additio.

261 2729 391 2824 ltaque
412 2751 584 2801 numerus
604 2729 656 2801 sic
672 2728 792 2802 lacteis
806 2728 966 2824 speciem
977 2729 1160 2804 numerati
1174 2755 1250 2806 non

209 2853 352 2927 mutat;
380 2865 466 2915 cnm
481 2864 654 2914 numerus
678 2840 857 2913 linearum
874 2840 948 2914 sint
965 2865 1107 2939 semper
1129 2842 1249 2932 lineae,

208 2955 405 3051 planorum
430 2977 575 3051 semper
603 2953 725 3050 plana,
755 2964 794 3026 et
825 2953 1028 3029 solidorum
1055 2955 1183 3046 solida,
1212 2969 1252 3030 et

209 3091 333 3141 rerum
350 3091 409 3142 res
427 3066 591 3166 ejusdem
607 3065 766 3164 generis.

260 3182 537 3256 Geometrarum
556 3181 681 3254 ductio
699 3203 843 3277 semper
861 3192 917 3254 est
934 3179 1060 3255 ductio
1078 3181 1186 3255 lineae
1210 3181 1250 3255 in

208 3294 356 3383 lineam,
383 3293 442 3366 vel
465 3294 504 3367 iu
524 3293 776 3390 superficiem:
811 3293 983 3367 nimirum
1011 3293 1119 3367 lineae
1148 3294 1186 3366 in
1209 3293 1253 3366 li·

207 3432 319 3482 neam
344 3421 387 3481 ut
413 3408 480 3481 fiat
507 3407 730 3504 superficies,
748 3407 856 3481 lineae
882 3407 923 3480 in
947 3407 1188 3504 superficiem,
1207 3421 1250 3481 ut

208 3523 275 3594 fiat
292 3518 462 3594 solidum.
518 3520 614 3594 Nam
642 3520 740 3594 ultra
767 3520 884 3594 solida
909 3545 984 3595 non
1014 3520 1251 3619 progreditur

206 3645 408 3731 geometra,
428 3633 489 3730 qui
510 3633 752 3721 surdosolida,
771 3632 1144 3729 quadratoquadrata,
1163 3657 1248 3731 qna·

207 3748 433 3837 draticubos,
452 3747 651 3821 cubicubos
665 3771 740 3820 non
754 3749 935 3843 agnoscit.
981 3749 1148 3845 Speciem
1160 3773 1248 3845 ergo

207 3863 333 3937 ductio
351 3861 575 3957 geometrica
592 3884 736 3956 semper
757 3873 889 3951 mutat,
906 3861 1045 3936 faciens
1071 3887 1116 3936 ex
1143 3863 1249 3936 lineis

206 4000 282 4050 non
301 3975 428 4063 lineas,
447 3973 513 4047 sed
529 3973 759 4069 superficiem
774 4005 783 4057 ;
811 3986 849 4047 et
867 3998 912 4047 ex
928 3974 1026 4050 linea
1042 3976 1081 4048 in
1099 3977 1253 4073 superfi-

205 4090 300 4164 ciem
319 4112 395 4161 non
413 4086 656 4185 superficiem,
672 4087 738 4161 sed
751 4087 921 4161 solidum.

257 4203 441 4276 Praeterea
456 4211 728 4299 geometrarum
747 4201 938 4298 quadrata,
952 4203 1049 4293 cubi,
1064 4213 1101 4277 et
1118 4201 1248 4294 solida,
