2888 5002
378 450 688 502 marmannorum
708 450 949 501 HODIERNAE.
1107 429 1179 508 227

145 629 267 692 motus
297 618 346 690 ad
377 617 617 715 producenda
649 618 892 714 pbaeuomena
925 627 1068 688 naturae
1101 614 1179 687 fere
1213 638 1363 679 ammoys

146 732 269 804 omnia
286 732 335 804 sit
351 733 514 805 omnium
531 744 698 804 motuum
715 731 935 827 aptissimus,
953 729 1040 825 quia
1055 739 1178 801 tamen
1218 719 1362 825 „L

146 870 170 917 a
184 845 332 918 nemine
341 856 427 918 ante
444 845 544 917 illum
560 845 833 918 animadversus
845 856 884 917 et
897 843 1099 940 explicatus
1112 856 1180 930 est,

146 957 301 1031 lectores
329 959 437 1055 pauci
464 958 615 1032 ductum
643 958 830 1045 orationis,
860 981 933 1053 qua
967 969 1089 1029 motus
1119 956 1181 1029 ille

148 1071 366 1145 describitur
383 1084 422 1144 et
438 1082 683 1168 computatur,
697 1070 804 1144 facile
821 1070 923 1167 sequi
939 1083 1104 1166 possunt.

197 1185 246 1258 A.
274 1185 313 1258 Si
338 1186 419 1281 quis
435 1209 549 1258 manu
566 1196 691 1258 teneat
714 1206 849 1279 eorpus
874 1183 1024 1280 aliquod
1049 1184 1180 1279 figurae

148 1300 405 1394 cujuscunque,
435 1310 526 1393 puta
555 1297 679 1393 pilam,
709 1321 730 1369 e
757 1320 831 1392 qua
857 1297 932 1391 pila
956 1297 1182 1393 promineret

148 1410 262 1507 stylus
280 1411 517 1506 scriptorius;
543 1432 591 1482 an
623 1409 769 1482 difficile
799 1420 857 1481 est
885 1409 1089 1506 imaginari,
1108 1417 1181 1505 quo

147 1522 257 1596 modo
275 1522 336 1595 ille
353 1547 396 1596 eo
414 1523 509 1619 stylo
525 1510 642 1618 possit
659 1523 803 1596 literam
820 1522 980 1618 aliquam
997 1521 1182 1618 alphabeti

149 1635 263 1709 ductu
276 1635 450 1708 continuo
469 1634 644 1709 exarare?

198 1750 247 1823 B.
273 1749 376 1822 Nihil
385 1748 540 1823 facilius.

199 1864 247 1936 A.
275 1863 433 1937 Quodsi
449 1863 573 1958 plures
590 1863 699 1936 simul
727 1863 812 1959 styli
838 1862 1102 1959 prominerent,
1129 1862 1184 1935 ita

149 1987 191 2050 ut
207 1978 378 2051 tabellam
394 1976 552 2073 aliquam
569 1999 696 2050 omnes
709 1976 817 2049 simul
827 1987 1041 2073 tangerent3
1059 1998 1184 2047 nonne

150 2092 247 2166 idem
264 2092 392 2165 eodem
409 2104 574 2188 tempore
591 2091 715 2164 literas
727 2091 850 2186 plures
862 2112 1013 2163 exarare
1025 2087 1182 2186 poterit?

201 2205 249 2278 B.
276 2205 390 2295 Mille,
426 2205 457 2277 si
483 2205 575 2294 vult,
606 2214 644 2277 et
670 2215 726 2276 tot
756 2204 831 2276 siut
859 2203 956 2299 styli.
1008 2203 1083 2276 Sed
1111 2202 1184 2275 illae

151 2331 259 2392 erunt
275 2341 401 2391 omnes
419 2319 516 2392 inter
532 2341 572 2390 se
586 2316 721 2390 similes
738 2328 775 2389 et
791 2316 962 2411 aequales.

199 2429 246 2504 A.
273 2430 317 2503 ld
335 2429 482 2526 quidem
498 2429 729 2503 manifestum
749 2441 816 2502 est.
844 2429 918 2502 Sed
946 2429 1027 2525 quis
1043 2429 1185 2503 interea

151 2555 271 2617 motus
284 2554 322 2615 et
334 2542 451 2639 qualis
469 2543 612 2616 dicetur
628 2542 741 2615 totius
758 2541 867 2638 pilae?

200 2656 250 2730 B.
277 2656 457 2746 Profecto,
492 2679 600 2754 quem
639 2665 780 2729 motum
813 2655 925 2728 habet
957 2656 1066 2729 unius
1099 2654 1186 2751 styli

152 2769 345 2866 cujuslibet
361 2769 494 2866 cuspis,
512 2769 669 2843 eundem
686 2768 835 2842 habebit
853 2769 974 2865 cuspis
991 2768 1076 2865 styli
1093 2769 1184 2842 alte-

151 2884 228 2956 rius
245 2883 515 2978 cujuscunque;
540 2884 719 2955 imovero
737 2893 915 2978 punctum
926 2905 1042 2955 unum
1068 2883 1185 2979 quod-

151 2997 242 3070 libet
257 3008 337 3069 tum
353 2995 437 3091 pilae
453 3008 532 3068 tum
549 3020 689 3070 manus.

203 3109 252 3181 A.
278 3107 404 3180 Motus
426 3108 504 3203 jam
520 3109 604 3204 pilae
621 3109 700 3204 ipse
716 3119 785 3196 est,
804 3132 912 3204 quem
938 3109 1099 3207 appellat
1125 3111 1186 3185 ille

153 3230 284 3294 motum
304 3220 526 3295 circularem
552 3221 770 3321 simplicata,
795 3247 872 3297 uon
897 3224 1008 3298 modo
1038 3225 1185 3323 quando

153 3334 237 3431 pilae
249 3345 386 3431 puncta
401 3334 614 3410 describunt
630 3337 796 3427 cuculos,
815 3337 879 3410 sed
902 3339 1015 3412 etiam
1038 3340 1185 3436 quando

155 3447 333 3543 quaslibet
345 3446 433 3520 alias
448 3447 660 3522 describunt
671 3451 818 3546 figuras,
836 3451 946 3525 modo
964 3465 1101 3550 puncta
1123 3453 1187 3527 illa

155 3572 259 3633 motu
275 3583 340 3633 suo
357 3559 404 3632 ad
420 3561 503 3635 loca
518 3562 671 3635 redeant
684 3564 782 3638 uude
799 3566 937 3639 moveri
956 3568 1185 3665 inceperunt.

156 3671 270 3768 Cujus
286 3683 407 3745 motus
429 3675 632 3771 proprietas
648 3699 722 3748 una
738 3688 805 3764 est,
821 3691 864 3751 ut
890 3680 1062 3775 quaelibet
1090 3681 1188 3755 linea

155 3785 193 3857 in
206 3785 281 3882 pila
293 3797 437 3883 sumpta
446 3787 585 3862 feratur
597 3788 667 3863 sibi
679 3813 823 3887 semper
832 3793 1017 3888 parallelo.
1045 3795 1188 3868 Notan-

157 3896 243 3971 dum
261 3911 318 3972 est
335 3901 445 3974 etiam
462 3903 545 3992 boo,
560 3903 659 4000 quod
675 3918 816 3980 naturae
833 3931 907 3981 nou
924 3922 1106 4006 repugnat
1123 3908 1188 3982 tali

157 4024 272 4102 motu,
290 4035 507 4110 quamquam
522 4017 761 4109 velocissimo,
783 4019 939 4095 describi
963 4047 1070 4119 posse
1097 4023 1187 4119 figu-

158 4147 235 4197 ram
270 4125 381 4199 etiam
406 4127 696 4205 minutissimam.
762 4135 874 4209 Hune
897 4148 1039 4211 motum
1066 4137 1188 4210 telluri

159 4239 307 4333 quidem
323 4239 392 4314 toti
409 4242 576 4318 attribuit
593 4244 839 4342 Copernicus;
868 4252 1037 4325 Hobbius
1064 4263 1188 4325 autem

1035 4379 1093 4436 or
