2888 4988
275 385 321 450 12
491 399 760 453 ΕΧΔἊΙΧΔΤΙΟ
781 402 832 453 ΙΤ
851 403 1100 456 uuuxnnrto

84 593 233 635 mu
269 568 529 665 recusarem
547 570 687 662 rideo),
701 573 933 669 geometricae
946 573 1067 669 plone
1088 573 1318 649 demontra-

87 674 231 775 ,ξύ
269 680 392 752 riona
408 682 486 754 rint
507 682 581 754 huc
591 683 816 779 forinsecus
838 685 1084 767 uiltorum,-
1112 697 1316 777 utcontra,

267 818 354 891 φα
374 796 605 891 geometrico
626 795 870 883 habebuntur,
887 798 1097 896 simplicius
1112 800 1260 896 quiden
1275 811 1317 872 et

269 907 518 980 mensalia
533 934 583 980 er
593 934 695 1007 pure
710 910 972 1000 arithmeticis,
989 912 1156 1009 adeoque
1170 913 1317 984 unim-

267 1018 1314 1122 saubu,denontraadaeideaaetnr.-Praetereoingra·

269 1132 361 1205 tiam
394 1147 498 1207 tuam
531 1134 632 1231 quod
668 1161 750 1224 vox,
784 1135 1022 1226 abstrahunt,
1052 1138 1123 1210 hoe
1157 1140 1196 1212 in
1230 1140 1314 1213 loco

268 1247 526 1320 scholasticum
549 1249 611 1335 sit,
635 1249 808 1322 launum
834 1274 909 1322 non
932 1251 992 1323 sit.
1045 1251 1120 1324 Sed
1139 1276 1231 1348 rogo
1260 1267 1312 1341 tc,

268 1359 331 1432 ubi
348 1361 482 1455 probat
496 1360 535 1433 id
550 1360 652 1457 quod
667 1361 727 1434 hie
744 1361 860 1434 dicit?

318 1470 365 1544 B.
392 1473 604 1546 Probabuut
621 1475 733 1570 ipsius
750 1497 817 1569 per
832 1487 953 1547 toturn
972 1476 1044 1548 hoc
1061 1500 1153 1571 opus
1170 1501 1193 1548 a
1209 1478 1311 1572 prin-

267 1584 372 1682 cipiis
394 1586 636 1659 arithmeticis
661 1586 922 1661 demonstratae
947 1588 1200 1662 conclusiones
1220 1614 1310 1685 geo-

266 1702 441 1774 metriere.

317 1815 367 1886 A.
393 1814 439 1887 ld
467 1839 557 1911 ergo
589 1813 793 1888 videbimus
826 1815 993 1887 inferius.
1045 1814 1192 1887 Interea
1220 1840 1308 1889 vero

266 1927 395 1999 mirari
416 1928 508 2000 mihi
529 1927 638 2001 liceat
653 1929 773 2000 risum
796 1951 876 2000 esse
900 1928 1146 2000 necessarium
1164 1928 1309 2002 Euclidi

267 2063 440 2113 nummos
452 2040 544 2113 alios
557 2041 698 2136 planos,
711 2041 803 2114 alios
816 2040 951 2113 solidos
963 2040 1159 2136 appellare,
1173 2056 1212 2113 et
1230 2057 1307 2116 tam

266 2152 385 2225 multa
397 2152 443 2225 de
461 2153 533 2225 illis
549 2152 815 2226 demonstrare.
868 2153 1053 2225 Numerus
1069 2153 1169 2226 enim
1185 2178 1306 2250 neque

265 2267 479 2362 superficies
491 2280 559 2356 est,
576 2278 620 2338 ut
631 2266 748 2361 possit
760 2266 907 2360 proprie
919 2265 992 2338 dici
1005 2266 1159 2361 planus;
1186 2291 1305 2362 neque

265 2403 412 2474 eorpus,
425 2393 468 2452 ut
479 2379 595 2475 possit
608 2379 730 2451 vocari
744 2378 893 2451 solidus.
940 2378 1013 2452 Sed
1024 2378 1121 2452 forte
1134 2379 1305 2454 Euclides

263 2516 457 2566 numerum
480 2517 504 2565 a
520 2492 699 2565 divisione
716 2492 895 2581 continui,
919 2507 958 2565 et
975 2492 1305 2567 demonstrationes

261 2605 513 2678 arithmeticas
535 2629 559 2677 a
583 2606 831 2701 geometricis,
857 2629 932 2679 non
955 2620 1087 2678 contra
1114 2619 1156 2678 ut
1177 2605 1306 2678 Walli-

261 2720 349 2802 sius,
366 2719 556 2792 derivavit.
608 2719 761 2791 Distulit
778 2743 867 2815 ergo
884 2719 1114 2792 theoremata
1130 2719 1304 2791 arithme-

263 2831 340 2904 tica
364 2832 412 2904 ad
430 2832 661 2905 Elementum
689 2833 910 2927 septimum
937 2847 978 2904 ut
1004 2833 1042 2904 iu
1063 2832 1134 2904 illis
1152 2831 1302 2905 demon-

262 2943 422 3017 strandis
439 2944 644 3016 imitaretur
662 2944 992 3017 demonstrationes
1013 2944 1201 3040 quasdam,
1220 2970 1304 3041 quae

262 3072 351 3133 sunt
367 3059 406 3130 in
423 3058 613 3132 elementis
625 3058 859 3153 geometricis
871 3057 1187 3131 antecedentibus.
1228 3058 1304 3131 lta-

262 3195 337 3268 que
352 3172 534 3245 Elementi
552 3172 600 3244 ix.
618 3172 888 3267 propositiones
912 3180 955 3245 18
969 3186 1007 3245 et
1026 3180 1081 3259 19,
1100 3171 1304 3245 fundantur

261 3285 302 3357 in
335 3285 647 3382 propositionibus
687 3293 729 3358 16
757 3298 796 3358 et
828 3289 872 3367 17
902 3285 1086 3357 Elementi
1108 3285 1156 3356 vi.
1210 3285 1303 3358 Item

261 3398 389 3471 decem
419 3399 547 3495 primae
569 3397 839 3494 propositiones
856 3398 971 3471 Elem.
991 3398 1041 3487 ii.‚
1074 3398 1112 3470 iu
1140 3399 1303 3472 numeris

260 3511 504 3586 demonstrari
521 3524 675 3608 possunt
690 3544 700 3596 ;
726 3536 789 3585 sex
807 3511 1027 3607 posteriores
1045 3535 1117 3583 non
1136 3523 1301 3607 possunt,

260 3638 456 3722 propterea
472 3625 573 3723 quod
595 3649 669 3698 non
694 3648 821 3698 omnes
838 3624 946 3697 liueae
970 3638 1056 3697 sunt
1073 3648 1302 3697 commensu-

260 3738 407 3812 rabiles.
457 3738 637 3813 Ostendat
667 3739 735 3812 tibi
764 3738 962 3823 wallisius,
991 3738 1023 3810 si
1048 3749 1181 3833 potest,
1210 3736 1302 3811 duos

259 3876 446 3941 numeros,
457 3876 612 3948 quorum
624 3853 740 3947 major
750 3851 798 3924 ad
809 3853 987 3924 minorem
1001 3849 1156 3922 eandem
1167 3850 1302 3923 habeat

259 3966 455 4055 rationem,
489 3990 601 4061 quam
630 3968 748 4061 majus
777 3979 1009 4060 segmentum
1038 3963 1145 4036 lineae
1174 3962 1301 4036 divisae

259 4093 426 4155 extrema
448 4091 486 4152 et
512 4077 633 4151 media
660 4078 802 4150 ratione
828 4077 875 4150 ad
901 4090 1134 4172 segmentum
1156 4078 1300 4160 miuus;

259 4194 318 4267 vel
328 4217 437 4289 quam
448 4193 562 4265 habet
572 4191 741 4287 quadrati
756 4190 958 4287 diagonalis
972 4190 1020 4263 ad
1031 4191 1137 4262 latus,
1175 4191 1300 4285 Ipsum

260 4306 356 4380 latus
367 4305 569 4403 appellabit
585 4306 740 4378 sortasse
752 4328 964 4382 numcrum:
990 4303 1056 4377 sed
1073 4318 1114 4376 ut
1132 4320 1169 4377 te
1183 4303 1298 4393 sallat,

262 4443 336 4492 nou
362 4420 500 4495 scribet
527 4417 638 4510 latua,
664 4418 729 4493 sed
746 4416 771 4508 l,
797 4417 855 4490 vel
870 4441 914 4514 p,
941 4416 998 4489 vel
1024 4416 1125 4489 aliud
1149 4416 1298 4513 aliquod
