2888 4988
298 399 371 463 454
451 413 506 463 nn
526 411 756 465 rnmcn‘ns
777 411 829 463 nr
848 410 1212 463 nnmocmsrlonn

106 606 175 646 cm.
187 605 263 648 xxo.
346 578 413 652 Est
429 601 517 675 ergo
536 601 643 652 orons
657 579 707 652 Ba
720 578 828 652 datus
841 577 978 652 divisus
991 576 1172 652 trifariam
1189 576 1346 650 erectis

115 677 256 781 Μ
298 692 363 781 Re,
374 693 434 766 Re.
459 691 599 765 Eodem
615 692 725 765 modo
739 702 864 788 potest
880 714 987 764 arcus
1004 715 1079 764 non
1097 691 1216 786 major
1230 712 1347 786 quam

116 800 200 859 ’Ψ
298 830 405 880 arcus
423 805 498 891 BG,
516 804 630 878 dividi
648 804 931 901 quinquifariem
949 804 1008 876 vel
1030 803 1233 877 iuratione
1251 825 1347 898 quo-

299 942 443 1014 cunque
461 918 559 991 dato.
612 919 716 991 Siout
736 918 846 991 etiam
868 940 976 990 arcus
999 918 1116 1013 major
1133 940 1246 1013 quam
1264 916 1344 1005 BG,

299 1031 331 1104 si
359 1032 544 1104 biseoetur
571 1030 688 1104 doneo
710 1053 795 1127 pers
813 1030 893 1126 ejus
909 1030 1030 1104 minor
1053 1031 1100 1103 sit
1119 1054 1230 1127 quam
1250 1030 1344 1104 BG:

299 1167 430 1240 nempe
447 1156 591 1238 partem
608 1142 796 1217 inventam
815 1142 1037 1240 duplicando
1059 1142 1171 1220 toties
1195 1143 1345 1240 quoties

299 1257 407 1331 datus
423 1257 584 1331 biseotos
600 1257 732 1330 fuerat.

348 1369 535 1466 Angnlum
546 1393 634 1465 ergo
648 1369 687 1442 in
699 1369 841 1443 ratione
853 1370 940 1443 deta
953 1368 1141 1443 divisimus
1156 1397 1165 1443 ε
1180 1381 1219 1443 et
1231 1392 1348 1467 prop·

300 1493 411 1572 terea,
430 1482 543 1556 etiam
566 1484 841 1580 proportionem
869 1484 994 1557 datam
1022 1483 1186 1558 dividere
1216 1482 1345 1556 docui·

298 1621 379 1670 mus
412 1596 452 1669 in
484 1608 607 1691 portes
640 1597 798 1694 aequales
827 1609 1061 1694 quotcunque
1090 1596 1344 1695 requirentur.

299 1710 415 1807 idque
432 1709 606 1784 methodo
620 1710 722 1784 brevi
735 1722 774 1785 et
790 1711 994 1809 perspicuo.

683 2293 787 2367 CAP.
805 2294 951 2369 XXIII.

300 2469 353 2522 nn
381 2467 649 2528 ounnrmsrn
677 2469 819 2523 nnorm
848 2471 1092 2526 consostrm
1120 2473 1177 2525 nx
1206 2473 1342 2527 numo

349 2582 519 2636 curcum
547 2583 598 2635 nr
624 2583 846 2636 rnnonnrn
874 2574 922 2640 ³0
945 2588 1166 2642 onnouou.
1220 2587 1342 2656 mun,

349 2696 578 2749 noorrnmo
598 2696 733 2748 suono
752 2697 870 2750 onor.
887 2681 946 2761 47.
963 2701 1088 2754 ntum.
1104 2702 1132 2769 1,
1148 2700 1238 2754 nro.

300 2841 572 2916 Qusnnsrom
591 2850 703 2913 reetae
720 2843 931 2938 compositae
949 2866 994 2916 ex
1018 2844 1123 2918 radio
1149 2843 1277 2917 circuli
1300 2854 1342 2916 et

297 2965 476 3050 tangente
502 2975 608 3026 arcus
635 2960 683 3026 30
711 2954 903 3050 graduum,
930 2967 986 3030 est
1007 2956 1056 3030 od
1078 2957 1298 3072 quadratum
1316 2981 1342 3030 a

297 3066 412 3154 radio,
432 3078 473 3138 ut
490 3065 618 3140 deoem
635 3066 683 3139 ad
701 3083 870 3164 quatuor.

348 3179 404 3252 Sit
421 3178 544 3252 radius
562 3179 689 3252 circuli
699 3180 777 3268 AB,
788 3181 892 3277 eujus
903 3181 1121 3277 quadratum
1132 3181 1181 3255 sit
1190 3182 1338 3256 ABCD.

298 3289 462 3363 Duoatur
474 3314 581 3364 orons
594 3290 672 3381 BD,
684 3293 746 3388 qui
757 3305 813 3366 est
824 3295 1009 3391 quadrans
1023 3295 1150 3368 oireuli
1161 3295 1339 3392 descripti

297 3403 344 3475 ab
362 3403 439 3475 AB.

349 3516 501 3589 Seoetur
521 3516 743 3613 quadratum
760 3518 892 3592 ABCD
918 3518 957 3591 in
983 3530 1141 3615 quotuor
1158 3519 1339 3616 quadrata

295 3628 449 3724 aequalia
466 3629 611 3702 erectis
631 3629 705 3720 EF,
719 3629 800 3720 GH,
817 3630 1025 3705 secantibus
1044 3655 1083 3704 se
1100 3645 1228 3706 mutuo
1246 3633 1285 3706 in
1304 3634 1336 3707 Ι.

297 3742 405 3815 Seoet
434 3753 557 3814 autem
586 3741 656 3814 GH
688 3767 814 3816 ereum
843 3744 908 3817 BD
938 3744 977 3817 in
1007 3745 1064 3816 K:
1086 3746 1338 3843 jungaturque

295 3865 398 3926 reete
413 3853 494 3943 AK,
509 3854 804 3951 producaturque
822 3855 869 3928 nd
888 3856 951 3929 ΒΟ
968 3857 1006 3930 io
1020 3857 1070 3930 L:
1090 3859 1162 3931 erit
1179 3859 1242 3931 BL
1255 3871 1336 3932 ton·

294 3991 386 4064 gens
406 3977 453 4042 30
471 3967 664 4063 graduum.

345 4081 471 4153 Reotae
497 4081 559 4152 BL
587 4080 781 4174 adjiciatur
807 4082 845 4153 in
873 4081 1055 4156 directum
1082 4084 1166 4172 LM,
1186 4084 1336 4181 aeqnalis

295 4192 368 4266 BC.
432 4194 514 4266 Erit
538 4217 626 4289 ergo
655 4205 734 4266 toto
752 4194 825 4267 ΒΜ
851 4196 1056 4291 composite
1077 4221 1122 4272 ex
1146 4198 1209 4272 BC
1230 4198 1336 4272 radio

294 4307 434 4394 circuli,
452 4319 491 4380 et
509 4307 580 4381 CM
599 4318 772 4403 tangente
791 4317 839 4384 30
857 4308 1049 4405 graduum.
