2888 4988
303 389 377 455 440
453 402 507 454 ΒΕ
527 401 758 455 PRINCIPIIS
779 402 830 455 ΕΤ
849 401 1212 456 ΒΛΤΙΟΟΙΝΛΤῙΟΝΒ

104 595 172 637 cra
188 595 276 638 xvm.
302 570 553 666 multiplicatis
575 578 670 646 1000
686 568 843 667 pedibus
860 594 927 666 per
948 575 1143 645 numerum
1172 575 1254 658 100,
1272 565 1350 641 ori·

104 665 261 755 off
303 695 366 755 tur
382 684 498 756 cubus
510 708 534 757 a
550 694 629 756 toto
646 683 772 756 latere.
825 683 1029 757 Potuerunt
1046 682 1174 756 eadem
1187 681 1351 768 ratione,

105 768 275 828 ”mm
303 795 420 871 diviso
444 797 560 871 latere
578 797 749 893 quadrati
764 796 946 885 bifariam,
965 819 1011 870 ex
1037 793 1352 892 multiplicatione

303 919 326 984 2
345 910 419 984 in2
437 911 677 1006 pronuntiare
693 920 851 1006 quatuor
868 908 1077 984 semilatera
1092 908 1249 1004 aequalia
1265 928 1351 980 esse

296 1023 373 1127 ipsi
390 1023 583 1120 quadrato.

323 1216 325 1220 Α
353 1136 446 1210 Haee
470 1147 512 1209 tu
534 1134 749 1209 absurdiora
773 1158 854 1209 esse
879 1137 1037 1233 putabis,
1055 1158 1167 1232 quam
1184 1141 1228 1206 ut
1243 1130 1352 1230 quis-

301 1272 413 1346 quam
428 1249 482 1323 ita
498 1259 740 1346 computaret.
784 1249 859 1324 Sed
875 1250 928 1325 ita
945 1263 1026 1325 est:
1052 1274 1121 1323 nec
1138 1247 1285 1335 moniti,
1298 1246 1351 1320 ab

300 1362 365 1435 illa
390 1363 665 1459 computatione
692 1362 884 1437 desistunt.
937 1364 997 1438 Ita
1013 1361 1239 1459 computavit
1256 1384 1351 1456 geo-

300 1485 419 1549 metra
435 1476 596 1572 qnidam,
615 1477 690 1574 qui,
707 1488 859 1573 propter
878 1477 1012 1550 librum
1030 1499 1139 1572 quem
1156 1472 1352 1569 inscripsit

302 1587 557 1681 Mesolabiam,
576 1589 730 1663 celebris
756 1601 838 1663 est:
865 1592 1097 1688 monitusque
1126 1587 1272 1675 erroris,
1290 1609 1352 1658 re·

303 1701 451 1798 spondit
467 1703 521 1776 ita
537 1726 577 1776 se
600 1714 833 1799 computasse
856 1704 953 1777 sicut
979 1710 1241 1800 computarunt
1258 1721 1350 1795 geo·

303 1824 431 1886 metrae
466 1815 680 1911 omnesqui
707 1814 870 1905 fuerunt,
894 1817 1080 1912 quisunt,
1106 1813 1232 1908 etqui
1258 1822 1353 1907 post

303 1937 412 2000 erunt
428 1926 510 2000 aliis
528 1927 566 1999 in
583 1928 700 2001 annis.
752 1928 854 2001 Nihil
871 1952 961 2024 ergo
983 1929 1045 2001 hic
1067 1926 1260 2000 calumniae
1276 1935 1352 1997 est.

304 2039 405 2113 Quid
427 2052 551 2113 autem
574 2041 655 2115 illos
671 2066 694 2115 a
711 2065 820 2116 sensu
846 2042 1034 2116 communi
1060 2040 1234 2115 seducere
1261 2051 1352 2112 tan-

302 2164 383 2227 tum
399 2154 547 2250 potuit?

351 2266 507 2364 Decepit
522 2267 615 2357 illos,
632 2268 764 2364 primo,
781 2268 865 2343 idea
882 2267 1053 2366 quadrati
1070 2265 1213 2340 numeri
1226 2263 1355 2362 qualis

302 2379 526 2476 appingitur,
543 2381 581 2453 in
599 2404 672 2477 qua
687 2380 805 2456 latera
828 2382 1072 2479 multiplicata
1088 2381 1128 2454 in
1146 2402 1186 2453 se
1202 2378 1355 2453 faciunt

302 2515 496 2567 numerum
515 2494 747 2590 quadratum.

353 2606 535 2695 Secundo,
553 2607 697 2704 decepit
714 2608 807 2694 illos,
825 2608 924 2705 quod
946 2607 1171 2682 crediderint
1188 2604 1353 2680 eandem

302 2743 382 2793 esse
408 2743 498 2809 rem,
519 2720 762 2818 multiplicare
785 2733 909 2817 partes
934 2722 1031 2794 inter
1057 2744 1096 2794 se

303 2843 340 2905 et
375 2832 509 2905 ducere
543 2857 657 2905 unum
699 2833 796 2906 latus
835 2834 874 2906 in
913 2834 1091 2906 alterum:
1158 2877 1167 2893 ·
1246 2874 1255 2891 ·
1340 2873 1351 2889 ·

298 2948 406 3042 juxta
427 2947 547 3020 ideam
573 2945 744 3043 quadrati
765 2947 980 3044 geometrici
996 2946 1092 3035 talis,
1245 3040 1254 3057 ι
1338 3040 1349 3056 0

302 3060 365 3131 ubi
381 3060 452 3132 tria
468 3059 584 3133 latera
596 3060 839 3157 multiplicata
855 3086 921 3159 per
936 3071 959 3135 3
972 3084 1094 3157 aequa·
1159 3042 1166 3059 ⁹

300 3173 350 3246 lia
366 3196 444 3246 csse
460 3174 589 3247 volunt
606 3174 675 3270 ipsi
692 3175 882 3271 quadrato.
1158 3217 1167 3235 ·
1245 3216 1254 3232 ·
1338 3216 1348 3231 ·

350 3285 488 3374 Tertio,
512 3287 658 3384 decepit
684 3289 766 3361 illos
796 3287 998 3362 authoritas
1024 3288 1094 3360 Ar-

302 3398 490 3489 chimedis,
515 3401 636 3497 (cujus
659 3402 817 3475 hominis
843 3413 994 3498 propter
1015 3412 1093 3474 stu·
1150 3404 1335 3584 Nn

299 3512 563 3608 pendissimum
579 3515 769 3611 ingenium
781 3516 1007 3588 mentionem
1021 3515 1092 3589 hoc

300 3624 383 3698 loco
403 3625 540 3699 invitus
565 3626 693 3721 facio),
713 3629 776 3724 qui
799 3628 1093 3729 magnitudinem
1153 3588 1333 3772 AN

301 3738 608 3813 circumferentiae
625 3742 752 3814 circuli
774 3767 842 3839 per
865 3743 974 3838 hujus
990 3742 1090 3816 modi

300 3851 643 3948 multiplicationem
656 3853 909 3928 demonstrare
920 3869 1074 3929 conatus
1088 3870 1155 3930 est.
1188 3860 1345 3953 Deinde,

300 3965 433 4038 saeculo
457 3965 625 4062 proxime
651 3969 849 4061 superiore,
867 3969 906 4039 in
930 3968 1070 4041 calculo
1089 3970 1346 4048 satraparum

300 4078 428 4151 eadem
445 4078 620 4151 methodo
639 4103 724 4152 usus
742 4092 798 4153 est
816 4081 1042 4176 Copernicus
1061 4096 1099 4156 et
1118 4085 1345 4182 Regiomon-

300 4205 408 4265 tanus
421 4193 459 4263 in
474 4192 644 4265 doctrina
656 4194 935 4290 triangulorum,
945 4208 983 4267 et
996 4209 1183 4290 postremo
1195 4198 1344 4277 Clarius

299 4305 337 4376 in
368 4305 502 4379 tabulis
534 4306 735 4381 condendis
765 4310 922 4396 sinuum,
950 4313 1195 4406 tangentium,
1220 4325 1257 4388 et
1284 4340 1343 4390 se-

300 4417 472 4490 cantium.
