2888 4988
706 407 761 460 ΠΒ
785 408 935 461 munus

684 782 950 858 APPENDIX.

354 958 447 1032 Cum
468 958 507 1032 in
532 958 607 1031 fine
628 957 767 1056 Capitis
786 959 863 1032 xxii
885 980 931 1033 ex
953 957 1041 1032 data
1069 956 1195 1054 anguli
1225 953 1352 1029 omni-

302 1070 414 1145 moda
447 1071 608 1145 sectione
648 1070 862 1146 divisionem
896 1073 1007 1146 etiam
1041 1070 1193 1144 rationis
1227 1066 1353 1143 omni·

303 1183 450 1258 modam
476 1184 634 1258 inveniri
658 1185 965 1282 praesumpserim,
991 1182 1031 1258 id
1055 1206 1155 1258 nuno
1185 1182 1252 1281 qui
1280 1183 1352 1255 fiat

303 1308 515 1371 ostensurus
532 1319 624 1371 sum.

359 1519 415 1572 DE
433 1520 582 1572 munus
602 1519 1021 1575 Psoeonrronamsvs
1040 1520 1088 1573 lN
1108 1518 1293 1572 GENERB.

319 1693 450 1747 INTER
469 1695 578 1748 DUAS
603 1696 760 1750 RECTAS
782 1696 914 1750 DATAS
934 1694 1145 1749 INVENIRE
1165 1693 1330 1747 ulnulas

475 1808 850 1862 PROPOBTIONALES
874 1807 1174 1869 QUOTCUNQUB.

304 1934 406 2009 Slus
434 1935 553 2032 primo
583 1935 813 2011 inveniendae
843 1935 926 2010 duae
949 1935 1080 2011 mediae
1109 1935 1207 2007 inter
1238 1931 1347 2006 datas

303 2071 550 2145 quascunque,
567 2048 633 2122 AB
657 2050 833 2144 majorem
856 2060 895 2122 et
912 2048 979 2121 AV
995 2047 1175 2120 minorem
1203 2046 1282 2141 (fig.
1299 2046 1346 2139 i).

353 2160 435 2233 Fiat
459 2161 506 2233 ab
523 2160 589 2234 AB
615 2160 836 2258 quadratum
854 2157 1012 2235 ABGD:
1040 2171 1077 2232 et
1101 2158 1141 2231 in
1166 2157 1346 2230 lateribus

302 2270 382 2361 AB,
398 2271 469 2346 AD
487 2284 680 2346 sumantur
697 2271 778 2362 ΑΕ,
796 2271 876 2364 AF,
899 2284 1056 2369 utraque
1076 2270 1228 2368 aequalis
1256 2268 1343 2342 AV.

352 2384 453 2459 lnter
466 2384 534 2459 AB
548 2395 586 2459 et
596 2383 665 2458 ΑΕ
676 2385 884 2459 inveniatur
901 2385 1021 2459 media
1032 2384 1105 2473 Aa,
1119 2383 1179 2457 oui
1192 2382 1345 2479 aequalis

302 2501 342 2573 in
366 2499 481 2573 latere
504 2497 576 2573 AD
603 2513 768 2573 sumatur
790 2498 867 2573 Ab:
896 2498 1123 2595 ducaturque
1147 2495 1208 2583 ab,
1233 2519 1345 2592 quam

303 2612 416 2687 dueta
433 2613 635 2710 diagonalis
652 2610 718 2688 AC
735 2613 940 2688 necessario
957 2611 1095 2686 secabit
1116 2608 1287 2684 bifariam
1306 2618 1345 2682 et

303 2725 351 2799 ad
368 2725 522 2822 angulos
539 2737 662 2799 rectos
681 2725 719 2798 in
738 2725 774 2798 d.

352 2839 519 2912 Ducatur
544 2839 655 2912 etiam
680 2837 881 2935 diagonalis
907 2838 985 2925 BD,
1004 2858 1132 2910 secans
1152 2832 1218 2909 Ab
1236 2834 1275 2907 in
1294 2832 1344 2906 N.

304 2952 433 3048 Itaque
451 2949 528 3040 Ab,
543 2949 611 3024 BD
629 2953 805 3026 secabunt
829 2976 868 3026 se
893 2964 1021 3025 mutuo
1046 2949 1214 3023 bifariam
1232 2959 1270 3023 et
1296 2945 1345 3021 ad

303 3065 456 3161 angulos
473 3076 594 3138 rectos
611 3065 651 3137 in
668 3065 716 3137 N.

353 3179 375 3251 J
378 3188 563 3274 ungantur
579 3178 651 3267 Do,
671 3178 737 3265 bE,
748 3177 976 3275 donaturque
997 3177 1058 3250 EF
1076 3198 1203 3249 secans
1220 3172 1287 3248 Ab
1305 3173 1345 3247 in

304 3317 326 3364 o
336 3318 351 3374 ;
376 3302 556 3388 eruntque
572 3290 657 3380 AN,
675 3291 748 3381 Ad,
767 3292 824 3365 Ao
842 3292 1016 3365 continue
1038 3287 1344 3386 proportionales,

303 3403 343 3476 in
360 3403 487 3477 eadem
505 3405 646 3478 ratione
663 3428 746 3477 oum
764 3405 875 3478 rectis
893 3401 973 3492 AB,
990 3402 1061 3490 Aa,
1076 3400 1156 3491 ΑΕ,
1171 3401 1247 3474 sive
1258 3399 1344 3489 AD,

304 3514 376 3605 Ab,
401 3514 489 3601 AF3
516 3529 554 3590 et
583 3528 695 3591 rectae
718 3515 798 3604 BD,
821 3514 879 3608 oh,
906 3515 967 3589 EF
991 3514 1165 3588 continue
1189 3537 1346 3610 propor-

303 3629 470 3703 tionalea

355 3743 491 3817 Centro
517 3743 566 3832 N,
592 3742 696 3817 radio
723 3742 803 3833 NB,
831 3741 1060 3815 describatur
1084 3763 1189 3814 arens
1215 3738 1345 3812 circuli

304 3854 380 3946 BG,
407 3881 534 3930 secans
558 3857 619 3929 Da
644 3856 862 3953 productam
892 3856 931 3928 in
957 3855 1005 3928 G:
1033 3855 1123 3927 item
1150 3864 1278 3926 centro
1306 3851 1344 3940 d,

302 3968 407 4042 radio
425 3971 487 4060 dn,
507 3968 735 4043 describatur
761 3991 868 4043 arcus
892 3967 1020 4040 circuli
1048 3990 1114 4065 ng,
1138 3989 1264 4039 secans
1290 3964 1344 4037 bn

302 4081 520 4179 productam
537 4084 575 4155 in
590 4108 633 4181 g,
651 4082 879 4178 ducaturque
898 4080 964 4178 dg.

354 4196 537 4270 Quoniam
560 4219 648 4290 ergo
673 4204 728 4268 est
750 4206 793 4268 ut
806 4193 877 4267 AD
896 4192 944 4266 ad
962 4193 1034 4283 Aa,
1062 4193 1113 4265 ita
1130 4191 1201 4279 Aa,
1224 4191 1263 4263 id
1287 4201 1346 4263 est

304 4307 374 4400 Ab,
393 4307 441 4382 ad
458 4307 538 4398 ΑΕ,
552 4319 659 4382 erunt
675 4307 746 4399 Da,
762 4306 814 4381 bE
826 4306 1021 4403 parallelae‚
1039 4317 1077 4380 et
1094 4305 1220 4403 anguli
1234 4303 1341 4394 BDo,
