2888 5002
369 425 682 478 marunnarrcn
701 427 944 480 nonrnnna.
1107 406 1175 486 177

134 615 313 688 grammo,
343 595 447 691 cujus
472 618 588 667 unum
615 594 711 667 latus
740 606 869 690 tanget
897 593 1106 692 parabolam
1135 593 1173 666 in
1208 618 1358 660 unrocus

134 706 273 778 vertice
289 716 329 779 et
345 706 457 781 faciet
470 707 645 804 angulum
663 731 746 780 cum
764 707 956 780 diametro.
987 707 1175 802 Angulnm
1214 700 1357 804 „L

134 817 239 891 illum
250 819 362 894 ducta
372 834 475 894 recta
487 843 615 894 secans
628 820 760 894 lineam
772 819 1020 916 parabolicam
1030 819 1175 908 alicubi,

135 928 276 1005 dividat
292 931 473 1022 bifariam,
486 945 525 1006 et
543 933 770 1029 compleatur
781 933 1174 1029 parallelogrammum,

135 1044 241 1139 cujus
257 1069 353 1119 unus
368 1046 524 1142 angulus
543 1058 600 1120 est
617 1047 655 1119 in
673 1047 823 1135 vertice,
841 1046 933 1119 alter
949 1056 1005 1119 est
1022 1046 1060 1118 iu
1078 1047 1175 1119 linea

134 1159 356 1254 parabolica.
412 1161 494 1234 Erit
520 1174 645 1235 autem
677 1160 1057 1257 parallelogrammum
1083 1160 1175 1233 illud

134 1271 193 1344 vel
210 1272 429 1369 quadratum
447 1275 505 1347 vel
520 1275 706 1349 rhombus.
749 1274 871 1369 Hujus
888 1274 984 1348 latus
1001 1285 1057 1346 est
1070 1297 1176 1371 para·

135 1397 265 1458 meter.
317 1386 512 1476 Meditare,
526 1387 688 1483 inquam,
702 1386 774 1459 hoc
791 1396 926 1474 tecum,
937 1397 975 1458 et
987 1385 1115 1482 judica
1127 1409 1174 1460 an

134 1511 342 1594 parameter
368 1499 485 1596 magis
516 1500 564 1573 sit
594 1499 809 1596 imaginaria
841 1523 950 1595 quam
983 1498 1173 1589 diameter,

134 1612 193 1684 vel
211 1612 282 1686 alia
299 1614 437 1711 quaeris
453 1613 562 1691 linea.
614 1613 684 1687 Est
706 1625 831 1685 autem
847 1613 983 1710 ubique
1001 1622 1043 1684 ut
1059 1612 1174 1684 inter·-

134 1735 243 1822 cepta
253 1725 431 1799 diameter
445 1724 493 1799 ad
509 1725 620 1810 illam,
631 1725 684 1798 ita
700 1725 763 1798 illa
780 1724 827 1797 ad
845 1724 1042 1797 ordinatim
1061 1725 1176 1820 appli-

133 1850 268 1911 catam.
322 1839 366 1912 Id
383 1839 482 1936 quod
499 1838 685 1912 Wallisius
702 1838 872 1911 enuntiat
889 1847 955 1934 per
972 1837 1175 1936 quantoplo

134 1953 257 2047 major
273 1961 332 2025 est
348 1952 407 2025 vel
417 1952 546 2041 minor,
564 1962 646 2041 etc,
665 1950 848 2048 tantoplo,
867 1961 934 2024 etc.
943 1979 956 2022 .·
974 1975 1056 2048 quae
1068 1973 1175 2023 voces

133 2064 373 2162 quantuplum
391 2075 428 2137 et
442 2063 646 2162 tantoplum
660 2089 778 2162 neque
789 2064 929 2138 Latinae
947 2076 1044 2150 sunt,
1056 2087 1174 2159 neque

133 2177 566 2274 quicquamsignificant.
1016 2205 1017 2209 ¹

187 2290 235 2363 B.
262 2291 380 2364 Miror
397 2302 498 2364 certe
512 2291 641 2364 alienae
652 2290 861 2365 Latinitatis
875 2291 1174 2386 reprehensorem

133 2416 211 2477 tam
228 2426 362 2492 acrem,
376 2404 487 2477 toties
504 2404 658 2477 barbare
675 2405 897 2478 scribentem
913 2428 987 2477 non
1006 2403 1171 2476 sensisse.

186 2518 235 2591 Α.
262 2518 356 2591 lieri
382 2529 505 2614 potest
527 2530 570 2591 ut
592 2519 727 2615 linguae
750 2519 892 2591 Latinae
917 2541 1023 2589 usum
1050 2517 1173 2612 aliqua

132 2655 180 2704 ex
214 2641 320 2727 parte
353 2631 629 2705 labefactaverit
661 2633 823 2706 studium
853 2630 1006 2703 nimium
1037 2630 1171 2725 liuguae

132 2744 312 2817 Arabicae.

186 2857 235 2933 Β,
262 2857 345 2930 Non
362 2869 465 2954 puto.

184 2972 234 3045 Α.
262 2972 432 3046 Proximo
448 2972 541 3061 locO,
564 2973 764 3068 quamlibet
788 2970 1000 3069 parabolam
1022 2969 1172 3043 cuilibet

131 3108 228 3157 cono
249 3086 367 3182 aptari
393 3110 512 3182 posse,
534 3086 640 3182 (puto
668 3087 777 3159 nam*
808 3085 993 3179 obscure),
1021 3083 1172 3156 demon-

132 3208 250 3282 strat;
287 3223 406 3295 neque
434 3199 532 3272 enim
556 3222 652 3272 nova
679 3223 736 3272 res
764 3211 831 3287 est,
860 3221 979 3294 neque
1004 3197 1172 3271 difficilis.

132 3309 403 3408 Propositiones
428 3312 555 3386 decem
582 3312 691 3406 hujus
715 3313 831 3408 partis
857 3312 985 3408 primae
1008 3312 1171 3407 reliquae,

131 3424 195 3497 ubi
214 3423 261 3497 de
285 3425 453 3522 ellipticis
477 3438 515 3498 et
541 3425 785 3522 hyperbolicis
802 3424 1116 3521 pyramidoidibus
1134 3438 1173 3497 et

132 3536 272 3626 cuneis,
288 3537 386 3609 etde
404 3537 582 3634 ellipsium
602 3552 640 3610 et
656 3537 939 3634 hyperbolarum
956 3538 1172 3632 parametris

131 3647 374 3745 imaginariis
391 3648 565 3744 loquitur,
584 3649 713 3724 eodem
730 3651 901 3723 laborant
920 3651 1021 3723 vitio,
1059 3651 1172 3726 Vides

131 3783 221 3856 ergo
239 3759 423 3832 sectiones
440 3760 598 3849 conicas,
616 3774 797 3858 quatenus
814 3763 852 3834 in
876 3763 956 3858 ipso
977 3787 1070 3835 cono
1088 3789 1174 3836 con-

129 3872 324 3961 sideratas,
339 3895 449 3968 quam
465 3897 595 3968 parum
613 3876 795 3971 intelligit.
851 3874 960 3950 Quod
975 3877 1109 3949 attinet
1125 3876 1174 3949 ad

130 3985 466 4061 considerationem
480 3985 677 4060 earundem
690 3990 893 4061 sectionum
908 4004 1014 4062 extra
1025 4013 1171 4077 conum,

130 4125 175 4174 ea
191 4098 322 4173 scribit
340 4123 435 4197 quae,
453 4101 539 4196 quia
559 4124 634 4173 non
658 4100 824 4198 intelligi,
853 4102 1070 4198 reprehendi
1099 4126 1172 4174 non

306 4336 324 4372 ¹
344 4333 425 4395 Edit.
444 4339 520 4396 1660
533 4344 563 4396 et
580 4338 665 4408 1668,
681 4355 757 4395 nom.
802 4335 914 4410 Quare,
929 4338 1007 4396 noa?

232 4452 327 4505 vol..
343 4452 401 4504 lv.
1043 4454 1070 4505 N
