2888 4988
281 368 355 436 426
424 381 478 433 nn
498 376 730 432 emuniens
751 376 802 429 ur
822 375 1185 429 nertocrnsrronn

88 576 156 625 ose·
171 576 238 617 xnr.
283 548 347 645 qui
363 547 443 621 fieri
460 556 582 643 potest
599 558 643 619 ut
656 543 848 642 proportio
860 542 969 640 primi
985 541 1034 616 ad
1047 540 1199 616 tertium
1211 539 1333 636 dupla

83 645 239 749 ῃῌῃζᾷ
283 663 331 735 sit
347 660 596 757 proportionis
606 659 716 756 primi
729 656 777 731 ad
791 655 1006 744 secundum,
1017 679 1101 729 cum
1113 655 1163 730 sit
1174 654 1332 729 omnino

84 767 176 813 odanto

282 775 430 849 eadem?
466 773 635 847 Proiecto
646 773 676 846 si
687 772 814 845 ratiot
828 770 918 859 adt,
926 793 1058 866 nempe
1072 769 1166 843 ratio
1174 767 1332 866 aequalis

282 889 330 963 ad
340 887 491 984 aequale,
506 887 544 960 id
555 901 623 975 est,
634 888 715 983 ipsa
725 884 925 982 aequalitas,
937 883 1123 980 quantitas
1134 883 1194 972 sit,
1204 881 1334 957 valida

282 1014 339 1075 est
367 1001 540 1096 objectio.
592 1000 658 1074 Sin
682 998 869 1097 quantitas
899 1021 975 1071 nou
1005 997 1063 1084 sit,
1090 996 1222 1071 frivola
1250 1006 1331 1071 est:

283 1136 368 1188 cum
385 1115 477 1187 nihil
494 1115 541 1187 ad
558 1114 649 1187 nihil
673 1113 852 1202 additum,
870 1111 929 1184 vel
954 1135 1020 1210 per
1037 1111 1129 1185 nihil
1151 1109 1334 1206 multipli-

284 1240 408 1301 catum
438 1250 583 1323 semper
610 1226 702 1301 facit
730 1227 834 1302 nihil.
885 1227 1094 1322 Antequam
1124 1238 1251 1301 autem
1281 1224 1334 1300 ad

280 1340 379 1425 ,hane
397 1352 434 1413 et
451 1340 540 1413 alias
559 1341 636 1436 ejus
655 1340 880 1436 objectiones
896 1339 1149 1435 respondeam,
1167 1363 1246 1413 non
1263 1340 1334 1414 abs

283 1476 324 1527 re
342 1454 413 1527 erit
430 1463 647 1551 quantorum
663 1477 800 1550 genera
816 1453 973 1551 amplius
991 1477 1036 1526 ex
1061 1454 1149 1550 ipsis
1172 1453 1334 1529 Euclide

284 1578 322 1641 et
340 1567 452 1640 Clavo
477 1567 715 1662 distinguere,
735 1566 878 1663 etquid
902 1567 950 1640 sit
968 1566 1152 1640 rationum
1178 1566 1336 1641 additio

284 1693 323 1754 et
339 1680 557 1769 protractio,
574 1703 621 1754 ex
637 1681 769 1754 iisdem
785 1679 988 1777 explicare:
1014 1690 1054 1753 et
1070 1703 1136 1754 cur
1152 1680 1192 1754 in
1209 1680 1337 1757 tribus

283 1795 459 1869 continue
497 1794 846 1890 proportionalibus,
881 1817 1037 1889 quorum
1071 1793 1233 1889 primum
1273 1803 1338 1866 est

284 1908 495 1993 maximum,
513 1907 695 1981 rationem
712 1907 823 2004 primi
841 1906 889 1980 ad
910 1905 1063 1979 tertium
1080 1905 1231 2001 duplam
1249 1928 1338 1979 esse

285 2020 362 2094 dixi
374 2019 526 2097 rationis
538 2019 648 2115 primi
663 2020 710 2093 ad
724 2018 945 2104 secundum
963 2043 1038 2092 non
1049 2029 1174 2093 tamen
1180 2017 1337 2116 quando

284 2135 445 2231 primum
462 2145 520 2208 est
538 2134 740 2208 minimum.

690 2728 795 2802 CAP.
822 2730 925 2804 XIV.

459 2901 605 2955 ADHUO
625 2902 679 2953 DE
699 2902 925 2956 RATIONUM
946 2902 1148 2956 caucum.

280 3031 512 3124 ¹Dsrrrurro
545 3030 676 3126 quinta
700 3030 882 3104 Elementi
900 3032 995 3105 sexti
1012 3031 1092 3107 haec
1109 3044 1187 3105 est:
1215 3031 1334 3105 Ratio

284 3169 332 3216 ea
349 3142 555 3216 rationibus
572 3145 738 3242 componi
755 3145 907 3234 dicitur,
923 3169 1002 3218 cum
1021 3146 1203 3219 rationum
1217 3170 1334 3243 quna-

285 3257 416 3328 titates
446 3256 544 3328 inter
576 3281 619 3328 ee
652 3255 910 3355 multiplicum
941 3257 1104 3355 aliquam
1137 3257 1333 3353 effecerint

285 3368 493 3442 rationem:
520 3380 558 3443 et
573 3392 662 3443 vera
683 3380 751 3444 est.
803 3369 900 3443 Nam
923 3371 954 3444 si
975 3370 1051 3443 sint
1073 3371 1332 3467 proportiones

284 3481 358 3555 illae
371 3481 454 3556 duae
472 3481 611 3556 eaedem
622 3482 680 3555 vel
693 3506 769 3559 nou
784 3482 936 3571 eosdem,
949 3483 1024 3556 sive
1036 3484 1156 3579 prima
1169 3484 1333 3557 maxima

276 3594 334 3669 *sit
358 3596 417 3668 vel
445 3619 521 3669 non
551 3596 721 3686 maxima,
750 3619 894 3692 semper
924 3596 995 3668 illis
1019 3596 1214 3670 conveniet
1238 3596 1332 3670 defi-

283 3708 389 3782 nitio.
440 3709 607 3805 Exempli
625 3710 765 3804 gratia:
786 3710 824 3781 in
836 3709 893 3783 his
907 3710 1080 3795 numeris,
1094 3718 1330 3799 4—2.6-3‚

283 3822 348 3895 ubi
378 3823 540 3895 rationes
570 3833 656 3894 sunt
687 3822 836 3911 eaodem,
861 3823 892 3895 si
915 3824 1135 3919 multiplices
1164 3822 1262 3897 inter
1289 3849 1333 3900 se

284 3935 544 4008 antecedentes
558 3944 579 4006 4
595 3946 631 4007 et
646 3943 681 4022 6,
701 3935 764 4030 qui
777 3934 918 4009 faciunt
930 3945 990 4026 24,
1005 3949 1043 4009 et
1061 3950 1332 4033 consequentes

285 4057 308 4121 2
327 4062 365 4120 et
384 4058 418 4136 3,
436 4049 498 4146 qui
516 4048 658 4122 faciunt
675 4057 718 4120 6:
736 4048 831 4122 ratio
849 4073 1004 4123 nascens
1017 4050 1089 4125 erit
1106 4050 1201 4124 ratio
1221 4061 1267 4126 24
1282 4051 1333 4127 ad

285 4169 321 4250 6,
348 4161 386 4234 id
403 4175 459 4235 est
476 4173 498 4236 4
518 4161 566 4236 ad
587 4170 619 4252 l,
645 4160 685 4235 id
707 4172 773 4252 est,
800 4161 987 4259 duplicata
1017 4164 1210 4238 rationis4
1230 4165 1280 4239 ad
1305 4176 1330 4240 2
