<?xml version="1.0" encoding="UTF-8"?>
<!DOCTYPE html PUBLIC "-//W3C//DTD XHTML 1.0 Transitional//EN"
    "http://www.w3.org/TR/xhtml1/DTD/xhtml1-transitional.dtd">
<html xmlns="http://www.w3.org/1999/xhtml" xml:lang="en" lang="en">
 <head>
  <title>
</title>
<meta http-equiv="Content-Type" content="text/html;charset=utf-8" />
  <meta name='ocr-system' content='tesseract 3.04.00' />
  <meta name='ocr-capabilities' content='ocr_page ocr_carea ocr_par ocr_line ocrx_word'/>
</head>
<body>
  <div class='ocr_page' id='page_1' title='image "./operaphilosophi01molegoog/operaphilosophi01molegoog_0248.png"; bbox 0 0 2888 5002; ppageno 0'>
   <div class='ocr_carea' id='block_1_1' title="bbox 327 1024 949 1083">
    <p class='ocr_par' dir='ltr' id='par_1_1' title="bbox 327 1024 949 1083">
     <span class='ocr_line' id='line_1_1' title="bbox 327 1024 949 1083; baseline 0.014 -8"><span class='ocrx_word' id='word_1_1' title='bbox 327 1024 415 1076; x_wconf 87' lang='lat' dir='ltr'>VIRO</span> <span class='ocrx_word' id='word_1_2' title='bbox 436 1025 650 1078; x_wconf 75' lang='lat' dir='ltr'>cnamssmo</span> <span class='ocrx_word' id='word_1_3' title='bbox 671 1029 717 1078; x_wconf 84' lang='lat' dir='ltr'>ET</span> <span class='ocrx_word' id='word_1_4' title='bbox 738 1031 949 1083; x_wconf 83' lang='lat' dir='ltr'>AMICISSIMO</span> 
     </span>
    </p>
   </div>
   <div class='ocr_carea' id='block_1_2' title="bbox 267 1207 1001 1297">
    <p class='ocr_par' dir='ltr' id='par_1_2' title="bbox 267 1207 1001 1297">
     <span class='ocr_line' id='line_1_2' title="bbox 267 1207 1001 1297; baseline 0.01 -7"><span class='ocrx_word' id='word_1_5' title='bbox 267 1207 584 1294; x_wconf 89' lang='lat' dir='ltr'><strong>SAMUELI</strong></span> <span class='ocrx_word' id='word_1_6' title='bbox 648 1208 1001 1297; x_wconf 85' lang='lat' dir='ltr'><strong>SORBERIO</strong></span> 
     </span>
    </p>
   </div>
   <div class='ocr_carea' id='block_1_3' title="bbox 427 1439 843 1510">
    <p class='ocr_par' dir='ltr' id='par_1_3' title="bbox 427 1439 843 1510">
     <span class='ocr_line' id='line_1_3' title="bbox 427 1439 843 1510; baseline 0.014 -6"><span class='ocrx_word' id='word_1_7' title='bbox 427 1439 632 1508; x_wconf 87' lang='lat' dir='ltr'>THOMAS</span> <span class='ocrx_word' id='word_1_8' title='bbox 655 1442 843 1510; x_wconf 86' lang='lat' dir='ltr'>HOBBES</span> 
     </span>
    </p>
   </div>
   <div class='ocr_carea' id='block_1_4' title="bbox 596 1620 671 1672">
    <p class='ocr_par' dir='ltr' id='par_1_4' title="bbox 596 1620 671 1672">
     <span class='ocr_line' id='line_1_4' title="bbox 596 1620 671 1672; baseline 0 -1"><span class='ocrx_word' id='word_1_9' title='bbox 596 1620 671 1672; x_wconf 84' lang='lat' dir='ltr'><strong>S.D.</strong></span> 
     </span>
    </p>
   </div>
   <div class='ocr_carea' id='block_1_5' title="bbox 60 1981 1206 2436">
    <p class='ocr_par' dir='ltr' id='par_1_5' title="bbox 60 1981 1206 2436">
     <span class='ocr_line' id='line_1_5' title="bbox 61 1981 1204 2077; baseline 0.004 -23"><span class='ocrx_word' id='word_1_10' title='bbox 61 1981 194 2054; x_wconf 82' lang='lat' dir='ltr'>Inrna</span> <span class='ocrx_word' id='word_1_11' title='bbox 208 1983 309 2054; x_wconf 91' lang='lat' dir='ltr'>varia</span> <span class='ocrx_word' id='word_1_12' title='bbox 325 1981 485 2056; x_wconf 91' lang='lat' dir='ltr'>ludentis</span> <span class='ocrx_word' id='word_1_13' title='bbox 503 1994 645 2055; x_wconf 85' lang='lat' dir='ltr'>naturae</span> <span class='ocrx_word' id='word_1_14' title='bbox 663 1984 882 2077; x_wconf 88' lang='lat' dir='ltr'>spectacula,</span> <span class='ocrx_word' id='word_1_15' title='bbox 896 1983 1105 2058; x_wconf 84' lang='lat' dir='ltr'><strong>doctissime</strong></span> <span class='ocrx_word' id='word_1_16' title='bbox 1119 1987 1204 2060; x_wconf 87' lang='lat' dir='ltr'>Sor-</span> 
     </span>
     <span class='ocr_line' id='line_1_6' title="bbox 60 2099 1206 2196; baseline 0.008 -26"><span class='ocrx_word' id='word_1_17' title='bbox 60 2099 153 2186; x_wconf 91' lang='lat' dir='ltr'>beri‚</span> <span class='ocrx_word' id='word_1_18' title='bbox 185 2123 267 2195; x_wconf 86' lang='lat' dir='ltr'>quae</span> <span class='ocrx_word' id='word_1_19' title='bbox 294 2124 361 2196; x_wconf 91' lang='lat' dir='ltr'>per</span> <span class='ocrx_word' id='word_1_20' title='bbox 391 2101 572 2196; x_wconf 87' lang='lat' dir='ltr'>sphaeram</span> <span class='ocrx_word' id='word_1_21' title='bbox 607 2099 763 2173; x_wconf 84' lang='lat' dir='ltr'>vitream</span> <span class='ocrx_word' id='word_1_22' title='bbox 802 2125 1000 2175; x_wconf 88' lang='lat' dir='ltr'>concavam</span> <span class='ocrx_word' id='word_1_23' title='bbox 1039 2105 1206 2179; x_wconf 83' lang='lat' dir='ltr'>exhibuit</span> 
     </span>
     <span class='ocr_line' id='line_1_7' title="bbox 61 2217 1205 2315; baseline 0.008 -27"><span class='ocrx_word' id='word_1_24' title='bbox 61 2240 181 2312; x_wconf 84' lang='lat' dir='ltr'>nuper</span> <span class='ocrx_word' id='word_1_25' title='bbox 198 2218 254 2290; x_wconf 91' lang='lat' dir='ltr'>vir</span> <span class='ocrx_word' id='word_1_26' title='bbox 272 2242 408 2315; x_wconf 84' lang='lat' dir='ltr'>genere</span> <span class='ocrx_word' id='word_1_27' title='bbox 431 2231 469 2292; x_wconf 91' lang='lat' dir='ltr'>et</span> <span class='ocrx_word' id='word_1_28' title='bbox 485 2217 634 2314; x_wconf 90' lang='lat' dir='ltr'>ingenio</span> <span class='ocrx_word' id='word_1_29' title='bbox 658 2218 791 2291; x_wconf 89' lang='lat' dir='ltr'>nobilis</span> <span class='ocrx_word' id='word_1_30' title='bbox 819 2219 857 2293; x_wconf 95' lang='lat' dir='ltr'>in</span> <span class='ocrx_word' id='word_1_31' title='bbox 876 2219 1075 2294; x_wconf 77' lang='lat' dir='ltr'>Academia</span> <span class='ocrx_word' id='word_1_32' title='bbox 1108 2223 1205 2296; x_wconf 92' lang='lat' dir='ltr'>Lon-</span> 
     </span>
     <span class='ocr_line' id='line_1_8' title="bbox 61 2331 1205 2436; baseline 0.007 -31"><span class='ocrx_word' id='word_1_33' title='bbox 61 2331 218 2421; x_wconf 81' lang='lat' dir='ltr'>dinami,</span> <span class='ocrx_word' id='word_1_34' title='bbox 246 2335 309 2408; x_wconf 91' lang='lat' dir='ltr'>illa</span> <span class='ocrx_word' id='word_1_35' title='bbox 334 2336 373 2409; x_wconf 90' lang='lat' dir='ltr'>in</span> <span class='ocrx_word' id='word_1_36' title='bbox 399 2336 527 2432; x_wconf 91' lang='lat' dir='ltr'>primis</span> <span class='ocrx_word' id='word_1_37' title='bbox 544 2335 755 2432; x_wconf 85' lang='lat' dir='ltr'>cognitione</span> <span class='ocrx_word' id='word_1_38' title='bbox 780 2347 846 2408; x_wconf 89' lang='lat' dir='ltr'>tua</span> <span class='ocrx_word' id='word_1_39' title='bbox 870 2336 982 2434; x_wconf 89' lang='lat' dir='ltr'>digna</span> <span class='ocrx_word' id='word_1_40' title='bbox 1008 2351 1095 2412; x_wconf 91' lang='lat' dir='ltr'>sunt</span> <span class='ocrx_word' id='word_1_41' title='bbox 1122 2365 1205 2436; x_wconf 87' lang='lat' dir='ltr'>qaeu</span> 
     </span>
    </p>
   </div>
   <div class='ocr_carea' id='block_1_6' title="bbox 56 2450 1232 4427">
    <p class='ocr_par' dir='ltr' id='par_1_6' title="bbox 56 2450 1232 4427">
     <span class='ocr_line' id='line_1_9' title="bbox 60 2450 1203 2548; baseline 0.007 -27"><span class='ocrx_word' id='word_1_42' title='bbox 60 2450 249 2545; x_wconf 85' lang='lat' dir='ltr'>pertinent</span> <span class='ocrx_word' id='word_1_43' title='bbox 265 2451 312 2524; x_wconf 90' lang='lat' dir='ltr'>ad</span> <span class='ocrx_word' id='word_1_44' title='bbox 330 2466 500 2525; x_wconf 90' lang='lat' dir='ltr'>naturam</span> <span class='ocrx_word' id='word_1_45' title='bbox 518 2453 637 2536; x_wconf 87' lang='lat' dir='ltr'>aeris;</span> <span class='ocrx_word' id='word_1_46' title='bbox 656 2452 820 2548; x_wconf 87' lang='lat' dir='ltr'>adeoque</span> <span class='ocrx_word' id='word_1_47' title='bbox 837 2452 884 2525; x_wconf 90' lang='lat' dir='ltr'>ad</span> <span class='ocrx_word' id='word_1_48' title='bbox 902 2466 1018 2527; x_wconf 89' lang='lat' dir='ltr'>artem</span> <span class='ocrx_word' id='word_1_49' title='bbox 1038 2468 1151 2544; x_wconf 91' lang='lat' dir='ltr'>tuam,</span> <span class='ocrx_word' id='word_1_50' title='bbox 1164 2457 1203 2529; x_wconf 93' lang='lat' dir='ltr'>in</span> 
     </span>
     <span class='ocr_line' id='line_1_10' title="bbox 62 2569 1232 2667; baseline 0.005 -27"><span class='ocrx_word' id='word_1_51' title='bbox 62 2592 133 2664; x_wconf 89' lang='lat' dir='ltr'>qua</span> <span class='ocrx_word' id='word_1_52' title='bbox 157 2569 316 2658; x_wconf 84' lang='lat' dir='ltr'>excellis,</span> <span class='ocrx_word' id='word_1_53' title='bbox 339 2570 427 2643; x_wconf 87' lang='lat' dir='ltr'>vitae</span> <span class='ocrx_word' id='word_1_54' title='bbox 460 2571 642 2657; x_wconf 88' lang='lat' dir='ltr'>humanae,</span> <span class='ocrx_word' id='word_1_55' title='bbox 679 2583 857 2665; x_wconf 90' lang='lat' dir='ltr'>quantum</span> <span class='ocrx_word' id='word_1_56' title='bbox 890 2571 1031 2667; x_wconf 89' lang='lat' dir='ltr'>patitur</span> <span class='ocrx_word' id='word_1_57' title='bbox 1060 2583 1232 2660; x_wconf 90' lang='lat' dir='ltr'>natura,-</span> 
     </span>
     <span class='ocr_line' id='line_1_11' title="bbox 59 2685 1205 2782; baseline 0.003 -24"><span class='ocrx_word' id='word_1_58' title='bbox 59 2687 331 2759; x_wconf 86' lang='lat' dir='ltr'>conservandae.</span> <span class='ocrx_word' id='word_1_59' title='bbox 386 2686 574 2782; x_wconf 89' lang='lat' dir='ltr'>Sphaeram</span> <span class='ocrx_word' id='word_1_60' title='bbox 597 2685 693 2759; x_wconf 88' lang='lat' dir='ltr'>hanc</span> <span class='ocrx_word' id='word_1_61' title='bbox 721 2709 794 2759; x_wconf 92' lang='lat' dir='ltr'>nna</span> <span class='ocrx_word' id='word_1_62' title='bbox 822 2709 907 2757; x_wconf 90' lang='lat' dir='ltr'>cum</span> <span class='ocrx_word' id='word_1_63' title='bbox 934 2696 1013 2759; x_wconf 91' lang='lat' dir='ltr'>tota</span> <span class='ocrx_word' id='word_1_64' title='bbox 1035 2688 1205 2761; x_wconf 92' lang='lat' dir='ltr'>machina</span> 
     </span>
     <span class='ocr_line' id='line_1_12' title="bbox 59 2802 1205 2899; baseline 0.001 -24"><span class='ocrx_word' id='word_1_65' title='bbox 59 2815 98 2875; x_wconf 91' lang='lat' dir='ltr'>et</span> <span class='ocrx_word' id='word_1_66' title='bbox 114 2827 185 2875; x_wconf 92' lang='lat' dir='ltr'>usu</span> <span class='ocrx_word' id='word_1_67' title='bbox 208 2803 287 2898; x_wconf 90' lang='lat' dir='ltr'>ejus</span> <span class='ocrx_word' id='word_1_68' title='bbox 313 2803 352 2877; x_wconf 93' lang='lat' dir='ltr'>in</span> <span class='ocrx_word' id='word_1_69' title='bbox 381 2802 527 2899; x_wconf 84' lang='lat' dir='ltr'>dialogo</span> <span class='ocrx_word' id='word_1_70' title='bbox 551 2816 738 2898; x_wconf 89' lang='lat' dir='ltr'>sequente,</span> <span class='ocrx_word' id='word_1_71' title='bbox 760 2816 937 2898; x_wconf 89' lang='lat' dir='ltr'>quantum</span> <span class='ocrx_word' id='word_1_72' title='bbox 961 2803 1039 2876; x_wconf 90' lang='lat' dir='ltr'>sine</span> <span class='ocrx_word' id='word_1_73' title='bbox 1060 2804 1205 2899; x_wconf 87' lang='lat' dir='ltr'>pictura</span> 
     </span>
     <span class='ocr_line' id='line_1_13' title="bbox 58 2918 1204 3016; baseline 0.003 -24"><span class='ocrx_word' id='word_1_74' title='bbox 58 2918 175 3014; x_wconf 91' lang='lat' dir='ltr'>potui,</span> <span class='ocrx_word' id='word_1_75' title='bbox 200 2919 386 3016; x_wconf 87' lang='lat' dir='ltr'>descripsi.</span> <span class='ocrx_word' id='word_1_76' title='bbox 445 2919 547 2993; x_wconf 91' lang='lat' dir='ltr'>Inter</span> <span class='ocrx_word' id='word_1_77' title='bbox 567 2920 641 2993; x_wconf 90' lang='lat' dir='ltr'>alia</span> <span class='ocrx_word' id='word_1_78' title='bbox 667 2933 791 2993; x_wconf 89' lang='lat' dir='ltr'>autem</span> <span class='ocrx_word' id='word_1_79' title='bbox 817 2921 895 3014; x_wconf 87' lang='lat' dir='ltr'>ejus</span> <span class='ocrx_word' id='word_1_80' title='bbox 917 2921 1093 2993; x_wconf 89' lang='lat' dir='ltr'>miracula</span> <span class='ocrx_word' id='word_1_81' title='bbox 1110 2921 1204 2995; x_wconf 87' lang='lat' dir='ltr'>scitu</span> 
     </span>
     <span class='ocr_line' id='line_1_14' title="bbox 59 3036 1205 3132; baseline 0.003 -24"><span class='ocrx_word' id='word_1_82' title='bbox 59 3036 185 3132; x_wconf 88' lang='lat' dir='ltr'>digna,</span> <span class='ocrx_word' id='word_1_83' title='bbox 199 3036 417 3111; x_wconf 90' lang='lat' dir='ltr'>commendo</span> <span class='ocrx_word' id='word_1_84' title='bbox 435 3037 503 3109; x_wconf 92' lang='lat' dir='ltr'>tibi</span> <span class='ocrx_word' id='word_1_85' title='bbox 532 3037 615 3125; x_wconf 88' lang='lat' dir='ltr'>hoc,</span> <span class='ocrx_word' id='word_1_86' title='bbox 633 3037 776 3110; x_wconf 86' lang='lat' dir='ltr'>caeteris</span> <span class='ocrx_word' id='word_1_87' title='bbox 807 3037 961 3124; x_wconf 91' lang='lat' dir='ltr'>omissis,</span> <span class='ocrx_word' id='word_1_88' title='bbox 980 3061 1094 3109; x_wconf 91' lang='lat' dir='ltr'>unum</span> <span class='ocrx_word' id='word_1_89' title='bbox 1117 3062 1205 3112; x_wconf 92' lang='lat' dir='ltr'>eon·</span> 
     </span>
     <span class='ocr_line' id='line_1_15' title="bbox 60 3153 1203 3252; baseline 0.002 -25"><span class='ocrx_word' id='word_1_90' title='bbox 60 3153 317 3227; x_wconf 88' lang='lat' dir='ltr'>siderandum:</span> <span class='ocrx_word' id='word_1_91' title='bbox 337 3154 435 3249; x_wconf 91' lang='lat' dir='ltr'>quod</span> <span class='ocrx_word' id='word_1_92' title='bbox 448 3154 585 3228; x_wconf 90' lang='lat' dir='ltr'>animal</span> <span class='ocrx_word' id='word_1_93' title='bbox 603 3155 641 3226; x_wconf 94' lang='lat' dir='ltr'>in</span> <span class='ocrx_word' id='word_1_94' title='bbox 656 3179 699 3227; x_wconf 90' lang='lat' dir='ltr'>eo</span> <span class='ocrx_word' id='word_1_95' title='bbox 713 3155 906 3243; x_wconf 87' lang='lat' dir='ltr'>inclusum,</span> <span class='ocrx_word' id='word_1_96' title='bbox 920 3167 1071 3252; x_wconf 90' lang='lat' dir='ltr'>propter</span> <span class='ocrx_word' id='word_1_97' title='bbox 1083 3169 1203 3230; x_wconf 91' lang='lat' dir='ltr'>muta-</span> 
     </span>
     <span class='ocr_line' id='line_1_16' title="bbox 59 3268 1204 3368; baseline 0.004 -26"><span class='ocrx_word' id='word_1_98' title='bbox 59 3271 200 3343; x_wconf 92' lang='lat' dir='ltr'>tionem</span> <span class='ocrx_word' id='word_1_99' title='bbox 211 3268 395 3365; x_wconf 90' lang='lat' dir='ltr'>quandam</span> <span class='ocrx_word' id='word_1_100' title='bbox 405 3271 501 3343; x_wconf 89' lang='lat' dir='ltr'>aeris</span> <span class='ocrx_word' id='word_1_101' title='bbox 513 3271 550 3342; x_wconf 93' lang='lat' dir='ltr'>in</span> <span class='ocrx_word' id='word_1_102' title='bbox 561 3271 704 3367; x_wconf 88' lang='lat' dir='ltr'>sphaera</span> <span class='ocrx_word' id='word_1_103' title='bbox 714 3272 753 3344; x_wconf 93' lang='lat' dir='ltr'>in</span> <span class='ocrx_word' id='word_1_104' title='bbox 763 3296 836 3368; x_wconf 91' lang='lat' dir='ltr'>qua</span> <span class='ocrx_word' id='word_1_105' title='bbox 844 3271 1045 3346; x_wconf 89' lang='lat' dir='ltr'>includitur</span> <span class='ocrx_word' id='word_1_106' title='bbox 1054 3273 1204 3362; x_wconf 87' lang='lat' dir='ltr'>factam,</span> 
     </span>
     <span class='ocr_line' id='line_1_17' title="bbox 59 3388 1205 3488; baseline 0.005 -30"><span class='ocrx_word' id='word_1_107' title='bbox 59 3388 166 3462; x_wconf 86' lang='lat' dir='ltr'>valde</span> <span class='ocrx_word' id='word_1_108' title='bbox 201 3390 276 3462; x_wconf 88' lang='lat' dir='ltr'>cito</span> <span class='ocrx_word' id='word_1_109' title='bbox 311 3390 501 3461; x_wconf 91' lang='lat' dir='ltr'>moriatur.</span> <span class='ocrx_word' id='word_1_110' title='bbox 571 3388 728 3462; x_wconf 89' lang='lat' dir='ltr'>Causam</span> <span class='ocrx_word' id='word_1_111' title='bbox 764 3391 893 3464; x_wconf 89' lang='lat' dir='ltr'>mortis</span> <span class='ocrx_word' id='word_1_112' title='bbox 926 3391 1092 3488; x_wconf 88' lang='lat' dir='ltr'>plerique</span> <span class='ocrx_word' id='word_1_113' title='bbox 1126 3415 1205 3465; x_wconf 92' lang='lat' dir='ltr'>esse</span> 
     </span>
     <span class='ocr_line' id='line_1_18' title="bbox 60 3504 1206 3603; baseline 0.001 -23"><span class='ocrx_word' id='word_1_114' title='bbox 60 3507 199 3596; x_wconf 86' lang='lat' dir='ltr'>dicunt,</span> <span class='ocrx_word' id='word_1_115' title='bbox 217 3504 318 3602; x_wconf 92' lang='lat' dir='ltr'>quod</span> <span class='ocrx_word' id='word_1_116' title='bbox 345 3529 408 3579; x_wconf 89' lang='lat' dir='ltr'>aer</span> <span class='ocrx_word' id='word_1_117' title='bbox 434 3508 532 3579; x_wconf 89' lang='lat' dir='ltr'>intra</span> <span class='ocrx_word' id='word_1_118' title='bbox 558 3507 752 3602; x_wconf 80' lang='lat' dir='ltr'>sphaeram,</span> <span class='ocrx_word' id='word_1_119' title='bbox 779 3531 851 3603; x_wconf 91' lang='lat' dir='ltr'>qno</span> <span class='ocrx_word' id='word_1_120' title='bbox 879 3509 1007 3581; x_wconf 87' lang='lat' dir='ltr'>vivunt</span> <span class='ocrx_word' id='word_1_121' title='bbox 1033 3509 1206 3582; x_wconf 89' lang='lat' dir='ltr'>animalia</span> 
     </span>
     <span class='ocr_line' id='line_1_19' title="bbox 60 3623 1203 3721; baseline 0.002 -25"><span class='ocrx_word' id='word_1_122' title='bbox 60 3625 184 3697; x_wconf 93' lang='lat' dir='ltr'>omnia</span> <span class='ocrx_word' id='word_1_123' title='bbox 201 3624 333 3720; x_wconf 88' lang='lat' dir='ltr'>quibus</span> <span class='ocrx_word' id='word_1_124' title='bbox 350 3637 438 3696; x_wconf 91' lang='lat' dir='ltr'>sunt</span> <span class='ocrx_word' id='word_1_125' title='bbox 454 3623 657 3721; x_wconf 88' lang='lat' dir='ltr'>pulmones,</span> <span class='ocrx_word' id='word_1_126' title='bbox 676 3635 830 3697; x_wconf 79' lang='lat' dir='ltr'>eructas</span> <span class='ocrx_word' id='word_1_127' title='bbox 847 3624 907 3696; x_wconf 89' lang='lat' dir='ltr'>sit.</span> <span class='ocrx_word' id='word_1_128' title='bbox 957 3625 1036 3720; x_wconf 84' lang='lat' dir='ltr'>Ego</span> <span class='ocrx_word' id='word_1_129' title='bbox 1060 3639 1203 3713; x_wconf 89' lang='lat' dir='ltr'>contra,</span> 
     </span>
     <span class='ocr_line' id='line_1_20' title="bbox 59 3740 1203 3838; baseline -0.001 -25"><span class='ocrx_word' id='word_1_130' title='bbox 59 3764 179 3837; x_wconf 90' lang='lat' dir='ltr'>neque</span> <span class='ocrx_word' id='word_1_131' title='bbox 206 3765 328 3814; x_wconf 89' lang='lat' dir='ltr'>aerem</span> <span class='ocrx_word' id='word_1_132' title='bbox 357 3741 466 3836; x_wconf 85' lang='lat' dir='ltr'>exugi</span> <span class='ocrx_word' id='word_1_133' title='bbox 489 3764 608 3838; x_wconf 91' lang='lat' dir='ltr'>posse,</span> <span class='ocrx_word' id='word_1_134' title='bbox 626 3764 745 3836; x_wconf 88' lang='lat' dir='ltr'>neque</span> <span class='ocrx_word' id='word_1_135' title='bbox 762 3740 943 3814; x_wconf 88' lang='lat' dir='ltr'>inclusum</span> <span class='ocrx_word' id='word_1_136' title='bbox 964 3741 1111 3829; x_wconf 89' lang='lat' dir='ltr'>animal,</span> <span class='ocrx_word' id='word_1_137' title='bbox 1134 3741 1203 3813; x_wconf 91' lang='lat' dir='ltr'>etsi</span> 
     </span>
     <span class='ocr_line' id='line_1_21' title="bbox 59 3856 1204 3949; baseline -0.003 -17"><span class='ocrx_word' id='word_1_138' title='bbox 59 3870 214 3932; x_wconf 82' lang='lat' dir='ltr'>exactus</span> <span class='ocrx_word' id='word_1_139' title='bbox 254 3872 361 3949; x_wconf 87' lang='lat' dir='ltr'>esset,</span> <span class='ocrx_word' id='word_1_140' title='bbox 405 3870 482 3932; x_wconf 88' lang='lat' dir='ltr'>tam</span> <span class='ocrx_word' id='word_1_141' title='bbox 521 3856 597 3933; x_wconf 88' lang='lat' dir='ltr'>cito</span> <span class='ocrx_word' id='word_1_142' title='bbox 637 3860 858 3932; x_wconf 91' lang='lat' dir='ltr'>moriturum</span> <span class='ocrx_word' id='word_1_143' title='bbox 902 3882 980 3932; x_wconf 88' lang='lat' dir='ltr'>esse</span> <span class='ocrx_word' id='word_1_144' title='bbox 1021 3859 1204 3931; x_wconf 84' lang='lat' dir='ltr'>existimo.</span> 
     </span>
     <span class='ocr_line' id='line_1_22' title="bbox 58 3975 1204 4072; baseline -0.002 -23"><span class='ocrx_word' id='word_1_145' title='bbox 58 3975 168 4049; x_wconf 81' lang='lat' dir='ltr'>Actio</span> <span class='ocrx_word' id='word_1_146' title='bbox 191 3975 352 4071; x_wconf 91' lang='lat' dir='ltr'>quidem,</span> <span class='ocrx_word' id='word_1_147' title='bbox 377 4000 487 4072; x_wconf 90' lang='lat' dir='ltr'>quam</span> <span class='ocrx_word' id='word_1_148' title='bbox 511 4000 611 4050; x_wconf 91' lang='lat' dir='ltr'>mors</span> <span class='ocrx_word' id='word_1_149' title='bbox 641 3976 704 4049; x_wconf 90' lang='lat' dir='ltr'>illa</span> <span class='ocrx_word' id='word_1_150' title='bbox 733 3977 910 4072; x_wconf 90' lang='lat' dir='ltr'>sequitur,</span> <span class='ocrx_word' id='word_1_151' title='bbox 938 3975 1054 4047; x_wconf 87' lang='lat' dir='ltr'>videri</span> <span class='ocrx_word' id='word_1_152' title='bbox 1079 3987 1204 4071; x_wconf 90' lang='lat' dir='ltr'>potest</span> 
     </span>
     <span class='ocr_line' id='line_1_23' title="bbox 57 4089 1203 4190; baseline -0.004 -23"><span class='ocrx_word' id='word_1_153' title='bbox 57 4095 115 4167; x_wconf 86' lang='lat' dir='ltr'>vel</span> <span class='ocrx_word' id='word_1_154' title='bbox 141 4094 260 4166; x_wconf 89' lang='lat' dir='ltr'>suetio</span> <span class='ocrx_word' id='word_1_155' title='bbox 295 4094 475 4189; x_wconf 89' lang='lat' dir='ltr'>quaedam,</span> <span class='ocrx_word' id='word_1_156' title='bbox 510 4106 548 4167; x_wconf 90' lang='lat' dir='ltr'>et</span> <span class='ocrx_word' id='word_1_157' title='bbox 581 4105 777 4190; x_wconf 90' lang='lat' dir='ltr'>propterea</span> <span class='ocrx_word' id='word_1_158' title='bbox 811 4091 1004 4164; x_wconf 76' lang='lat' dir='ltr'>eructione</span> <span class='ocrx_word' id='word_1_159' title='bbox 1039 4089 1203 4162; x_wconf 90' lang='lat' dir='ltr'>conclusi</span> 
     </span>
     <span class='ocr_line' id='line_1_24' title="bbox 56 4206 1201 4308; baseline -0.007 -22"><span class='ocrx_word' id='word_1_160' title='bbox 56 4214 153 4286; x_wconf 90' lang='lat' dir='ltr'>aeris</span> <span class='ocrx_word' id='word_1_161' title='bbox 186 4212 341 4284; x_wconf 87' lang='lat' dir='ltr'>interfici</span> <span class='ocrx_word' id='word_1_162' title='bbox 371 4213 518 4302; x_wconf 87' lang='lat' dir='ltr'>animal,</span> <span class='ocrx_word' id='word_1_163' title='bbox 547 4211 786 4308; x_wconf 90' lang='lat' dir='ltr'>respiratione</span> <span class='ocrx_word' id='word_1_164' title='bbox 814 4208 968 4294; x_wconf 88' lang='lat' dir='ltr'>sublata,</span> <span class='ocrx_word' id='word_1_165' title='bbox 1000 4206 1056 4279; x_wconf 89' lang='lat' dir='ltr'>vel</span> <span class='ocrx_word' id='word_1_166' title='bbox 1090 4206 1201 4278; x_wconf 89' lang='lat' dir='ltr'>etiam</span> 
     </span>
     <span class='ocr_line' id='line_1_25' title="bbox 56 4324 1203 4427; baseline -0.007 -23"><span class='ocrx_word' id='word_1_167' title='bbox 56 4329 260 4427; x_wconf 89' lang='lat' dir='ltr'>compulsio</span> <span class='ocrx_word' id='word_1_168' title='bbox 284 4331 379 4403; x_wconf 91' lang='lat' dir='ltr'>aeris</span> <span class='ocrx_word' id='word_1_169' title='bbox 396 4331 443 4403; x_wconf 93' lang='lat' dir='ltr'>ab</span> <span class='ocrx_word' id='word_1_170' title='bbox 462 4330 561 4402; x_wconf 92' lang='lat' dir='ltr'>omni</span> <span class='ocrx_word' id='word_1_171' title='bbox 579 4340 684 4425; x_wconf 90' lang='lat' dir='ltr'>parte</span> <span class='ocrx_word' id='word_1_172' title='bbox 702 4351 827 4400; x_wconf 88' lang='lat' dir='ltr'>versus</span> <span class='ocrx_word' id='word_1_173' title='bbox 854 4339 1023 4400; x_wconf 87' lang='lat' dir='ltr'>centrum</span> <span class='ocrx_word' id='word_1_174' title='bbox 1049 4324 1203 4420; x_wconf 85' lang='lat' dir='ltr'>sphaerae</span> 
     </span>
    </p>
   </div>
   <div class='ocr_carea' id='block_1_7' title="bbox 0 0 1448 5002">
    <p class='ocr_par' dir='ltr' id='par_1_7' title="bbox 0 0 1448 5002">
     <span class='ocr_line' id='line_1_26' title="bbox 0 0 1448 5002; baseline 0 1"><span class='ocrx_word' id='word_1_175' title='bbox 0 0 1448 5002; x_wconf 95' lang='lat' dir='ltr'> </span> 
     </span>
    </p>
   </div>
  </div>
 </body>
</html>
