2888 5002
335 468 653 522 naannmamcn
673 470 918 523 acarnanas.
1099 448 1148 528 27

106 635 262 734 produci
291 636 428 733 potuit.
492 635 595 711 Quot
622 647 709 711 sunt
734 659 824 734 ergo
848 658 973 709 rerum
995 633 1148 732 species,
1185 655 1336 700 umacus

106 761 166 824 tot
198 760 285 824 suut
310 749 552 847 philosophiae
582 752 696 826 totius
724 763 849 849 partes
879 749 955 824 sive
984 748 1150 824 scientiae
1189 739 1333 844 ..L

106 864 360 961 particulares,

155 977 206 1050 B.
233 975 306 1051 Sed
324 999 398 1072 qua
414 975 588 1051 methodo
602 975 872 1073 distinguendae
888 974 1002 1050 sunt?

158 1089 209 1162 A.
235 1087 374 1161 Eadem
400 1111 474 1184 qua
499 1086 778 1184 distinguuntur
802 1089 883 1185 ipsa
907 1089 1151 1185 phaenomena

107 1202 184 1275 sive
204 1199 410 1274 accidentia
432 1222 515 1295 quae
529 1213 720 1298 apparent,
740 1200 927 1292 nimirum,
940 1201 1150 1298 incipiendo

107 1340 131 1389 a
146 1315 305 1388 maxime
323 1314 590 1389 communibus.

156 1429 209 1502 B.
236 1429 331 1502 Quae
348 1437 435 1500 suut
451 1426 541 1499 illa?

159 1541 209 1614 A.
236 1539 463 1638 Magnitudo
493 1551 531 1613 et
559 1549 688 1614 matus.
739 1539 789 1613 Et
812 1539 987 1636 quoniam
1008 1539 1089 1613 haec
1111 1539 1152 1613 in

107 1655 209 1729 omui
222 1677 416 1750 corporum
430 1654 575 1727 actione
588 1655 759 1727 effectum
775 1654 913 1750 partim
929 1653 1150 1751 producunt,

106 1778 151 1840 nt
177 1783 311 1855 motus,
338 1766 475 1863 partim
497 1776 636 1861 augent
652 1765 711 1838 vel
733 1766 916 1855 minuunt,
941 1775 986 1839 ut
1007 1765 1152 1862 magni-

106 1878 212 1969 tudo,
237 1890 350 1976 prout
375 1881 493 1975 maior
519 1891 575 1952 est
598 1879 656 1952 vel
672 1880 805 1964 minor,
830 1879 995 1969 scientia,
1020 1879 1152 1976 inqua

108 1993 400 2066 determinantur
429 1991 701 2088 magnitudines
735 2002 814 2064 tum
844 2016 1040 2089 corporum
1071 2004 1151 2066 tum

107 2118 288 2194 motuum,
306 2106 425 2203 primo
442 2106 524 2180 loco
540 2103 712 2202 ponenda
728 2116 806 2178 cst:
832 2127 919 2178 narn
935 2107 1054 2202 primo
1067 2107 1151 2180 loco

108 2218 284 2293 discenda
299 2231 368 2312 est,
393 2219 530 2317 quippe
550 2218 650 2316 quod
667 2219 747 2292 sine
769 2219 832 2293 illa
848 2232 993 2295 caeterae
1009 2221 1151 2318 acquiri

108 2355 185 2405 nou
202 2343 366 2429 possunt.

158 2445 207 2519 B.
235 2444 398 2518 Scientia
413 2444 492 2518 haec
511 2444 695 2541 quomodo
712 2445 943 2542 appellaturi

160 2559 210 2632 A.
241 2557 464 2631 Geometria.

156 2668 206 2744 B.
233 2670 356 2744 Defini
374 2669 625 2767 geometriam.

159 2784 209 2857 A.
240 2783 452 2857 Gemaetria
470 2793 529 2856 eat
549 2782 705 2856 ccieatia
726 2781 995 2857 determinanda·
1010 2783 1150 2881 magai-

108 2897 266 2971 tadiaea.

158 3010 209 3083 B.
236 3008 405 3083 Breviter
422 3008 571 3106 quidem
588 3009 688 3098 satis,
712 3009 778 3083 sed
797 3033 928 3107 parum
946 3009 1151 3107 perspicue.

110 3122 196 3198 Non
223 3124 321 3196 enim
346 3122 513 3219 intelligo
531 3121 621 3218 quid
646 3123 694 3196 sit
715 3122 1005 3222 magnitudinem
1029 3124 1152 3198 deter-

109 3236 263 3310 minare.

161 3350 212 3423 A.
238 3347 537 3444 Magnitudinem
564 3347 820 3438 determinare,
847 3348 946 3422 idem
973 3350 1152 3447 estquod

111 3461 306 3537 ostendere
323 3471 460 3558 quanta
477 3460 537 3533 sit.

158 3579 207 3652 B.
235 3576 431 3654 Quomodo
458 3587 583 3651 autem
606 3577 813 3652 ostenditur
836 3579 892 3652 vel
918 3578 1153 3676 cognoscitur

112 3691 327 3789 magnitudo
344 3691 523 3787 exposita,
542 3702 678 3788 quauta
695 3691 771 3765 sit?

159 3806 210 3880 Α.
238 3803 496 3902 comparando
510 3828 686 3877 eamcam
698 3804 952 3901 magnitudine
965 3805 1153 3878 aliamen-
1216 3874 1220 3881 .

114 3930 245 4009 aurata,
274 3918 331 3991 vel
359 3941 442 4015 quae
468 3916 603 3990 habeat
628 3917 677 3991 ad
699 3929 948 3991 mensuratam
970 3918 1153 3991 rationem

114 4031 309 4129 cognitam.
363 4030 494 4126 ltaque
523 4029 728 4125 geometria
762 4029 906 4103 definiri
931 4042 1054 4127 potest
1076 4030 1151 4102 sic:

113 4143 317 4242 gemaetria
328 4152 386 4216 eat
399 4140 572 4231 scicntia,
579 4167 655 4240 per
665 4167 770 4240 qaam
781 4143 1032 4242 cognoscimus
1046 4166 1152 4240 mag-

115 4256 316 4331 nitudinum
332 4253 671 4328 interseratioaea.
724 4255 797 4330 Sed
810 4255 984 4352 qnoniam
998 4278 1051 4326 eae
1064 4277 1152 4350 cog·

114 4369 212 4445 nosci
230 4391 306 4443 non
322 4378 489 4465 possunt,
502 4366 572 4440 uisi
586 4367 752 4464 exposita
765 4368 814 4442 sit
828 4367 1012 4463 quantitas
1029 4365 1152 4463 aliqua
