<?xml version="1.0" encoding="UTF-8"?>
<!DOCTYPE html PUBLIC "-//W3C//DTD XHTML 1.0 Transitional//EN"
    "http://www.w3.org/TR/xhtml1/DTD/xhtml1-transitional.dtd">
<html xmlns="http://www.w3.org/1999/xhtml" xml:lang="en" lang="en">
 <head>
  <title>
</title>
<meta http-equiv="Content-Type" content="text/html;charset=utf-8" />
  <meta name='ocr-system' content='tesseract 3.04.00' />
  <meta name='ocr-capabilities' content='ocr_page ocr_carea ocr_par ocr_line ocrx_word'/>
</head>
<body>
  <div class='ocr_page' id='page_1' title='image "./operaphilosophi01molegoog/operaphilosophi01molegoog_0314.png"; bbox 0 0 2888 5002; ppageno 0'>
   <div class='ocr_carea' id='block_1_1' title="bbox 560 377 1251 445">
    <p class='ocr_par' dir='ltr' id='par_1_1' title="bbox 560 377 1251 445">
     <span class='ocr_line' id='line_1_1' title="bbox 560 377 1251 445; baseline -0.001 -2"><span class='ocrx_word' id='word_1_1' title='bbox 560 390 617 443; x_wconf 73' lang='lat' dir='ltr'>no</span> <span class='ocrx_word' id='word_1_2' title='bbox 637 390 794 444; x_wconf 78' lang='lat' dir='ltr'>ancum.</span> <span class='ocrx_word' id='word_1_3' title='bbox 1182 377 1251 445; x_wconf 78' lang='lat'>³01</span> 
     </span>
    </p>
   </div>
   <div class='ocr_carea' id='block_1_2' title="bbox 111 579 1255 684">
    <p class='ocr_par' dir='ltr' id='par_1_2' title="bbox 111 579 1255 684">
     <span class='ocr_line' id='line_1_2' title="bbox 111 579 1255 684; baseline 0.005 -32"><span class='ocrx_word' id='word_1_4' title='bbox 111 579 305 677; x_wconf 89' lang='lat' dir='ltr'>decunque</span> <span class='ocrx_word' id='word_1_5' title='bbox 322 584 515 681; x_wconf 89' lang='lat' dir='ltr'>arripiunt,</span> <span class='ocrx_word' id='word_1_6' title='bbox 528 586 754 682; x_wconf 91' lang='lat' dir='ltr'>perturbata.</span> <span class='ocrx_word' id='word_1_7' title='bbox 793 586 948 676; x_wconf 83' lang='lat' dir='ltr'>Deinde,</span> <span class='ocrx_word' id='word_1_8' title='bbox 966 610 1075 684; x_wconf 91' lang='lat' dir='ltr'>quem</span> <span class='ocrx_word' id='word_1_9' title='bbox 1092 585 1255 659; x_wconf 85' lang='lat' dir='ltr'>studium</span> 
     </span>
    </p>
   </div>
   <div class='ocr_carea' id='block_1_3' title="bbox 108 729 1257 4146">
    <p class='ocr_par' dir='ltr' id='par_1_3' title="bbox 109 729 1255 1281">
     <span class='ocr_line' id='line_1_3' title="bbox 111 729 1254 833; baseline 0.006 -31"><span class='ocrx_word' id='word_1_10' title='bbox 111 729 265 804; x_wconf 85' lang='lat' dir='ltr'>Naturae</span> <span class='ocrx_word' id='word_1_11' title='bbox 278 731 447 808; x_wconf 91' lang='lat' dir='ltr'>delectat.</span> <span class='ocrx_word' id='word_1_12' title='bbox 500 735 693 825; x_wconf 70' lang='lat' dir='ltr'>Praeterea,</span> <span class='ocrx_word' id='word_1_13' title='bbox 710 737 772 832; x_wconf 94' lang='lat' dir='ltr'>qui</span> <span class='ocrx_word' id='word_1_14' title='bbox 786 737 1037 832; x_wconf 85' lang='lat' dir='ltr'>experimenta</span> <span class='ocrx_word' id='word_1_15' title='bbox 1054 735 1099 810; x_wconf 90' lang='lat' dir='ltr'>de</span> <span class='ocrx_word' id='word_1_16' title='bbox 1122 736 1254 833; x_wconf 92' lang='lat' dir='ltr'>quibus</span> 
     </span>
     <span class='ocr_line' id='line_1_4' title="bbox 110 881 1255 984; baseline 0.004 -31"><span class='ocrx_word' id='word_1_17' title='bbox 110 881 171 954; x_wconf 91' lang='lat' dir='ltr'>hic</span> <span class='ocrx_word' id='word_1_18' title='bbox 188 881 390 968; x_wconf 87' lang='lat' dir='ltr'>disseritur,</span> <span class='ocrx_word' id='word_1_19' title='bbox 408 884 486 980; x_wconf 93' lang='lat' dir='ltr'>ipse</span> <span class='ocrx_word' id='word_1_20' title='bbox 504 886 614 959; x_wconf 89' lang='lat' dir='ltr'>nosti.</span> <span class='ocrx_word' id='word_1_21' title='bbox 666 887 714 960; x_wconf 87' lang='lat' dir='ltr'>Et</span> <span class='ocrx_word' id='word_1_22' title='bbox 736 886 907 984; x_wconf 90' lang='lat' dir='ltr'>denique,</span> <span class='ocrx_word' id='word_1_23' title='bbox 925 889 1030 984; x_wconf 85' lang='lat' dir='ltr'>cujus</span> <span class='ocrx_word' id='word_1_24' title='bbox 1054 886 1194 984; x_wconf 89' lang='lat' dir='ltr'>judicio</span> <span class='ocrx_word' id='word_1_25' title='bbox 1223 886 1255 959; x_wconf 86' lang='lat' dir='ltr'>si</span> 
     </span>
     <span class='ocr_line' id='line_1_5' title="bbox 109 1030 1255 1134; baseline 0.004 -31"><span class='ocrx_word' id='word_1_26' title='bbox 109 1030 270 1126; x_wconf 83' lang='lat' dir='ltr'><strong>placent,</strong></span> <span class='ocrx_word' id='word_1_27' title='bbox 301 1058 325 1106; x_wconf 92' lang='lat' dir='ltr'>a</span> <span class='ocrx_word' id='word_1_28' title='bbox 353 1035 688 1109; x_wconf 83' lang='lat' dir='ltr'>contradicentium</span> <span class='ocrx_word' id='word_1_29' title='bbox 722 1047 939 1134; x_wconf 88' lang='lat' dir='ltr'>contemptu</span> <span class='ocrx_word' id='word_1_30' title='bbox 980 1049 1018 1110; x_wconf 88' lang='lat' dir='ltr'>et</span> <span class='ocrx_word' id='word_1_31' title='bbox 1052 1035 1255 1109; x_wconf 87' lang='lat' dir='ltr'>maledictis</span> 
     </span>
     <span class='ocr_line' id='line_1_6' title="bbox 109 1183 421 1281; baseline 0.01 -26"><span class='ocrx_word' id='word_1_32' title='bbox 109 1183 247 1278; x_wconf 90' lang='lat' dir='ltr'>possim</span> <span class='ocrx_word' id='word_1_33' title='bbox 264 1185 421 1281; x_wconf 87' lang='lat' dir='ltr'>protegi.</span> 
     </span>
    </p>

    <p class='ocr_par' dir='ltr' id='par_1_4' title="bbox 108 1333 1257 3086">
     <span class='ocr_line' id='line_1_7' title="bbox 162 1333 1255 1431; baseline 0.001 -25"><span class='ocrx_word' id='word_1_34' title='bbox 162 1333 292 1408; x_wconf 82' lang='lat' dir='ltr'>Restat</span> <span class='ocrx_word' id='word_1_35' title='bbox 308 1346 362 1424; x_wconf 92' lang='lat' dir='ltr'>ut,</span> <span class='ocrx_word' id='word_1_36' title='bbox 381 1358 483 1408; x_wconf 90' lang='lat' dir='ltr'>more</span> <span class='ocrx_word' id='word_1_37' title='bbox 501 1334 745 1423; x_wconf 84' lang='lat' dir='ltr'>offerentium,</span> <span class='ocrx_word' id='word_1_38' title='bbox 763 1333 962 1430; x_wconf 88' lang='lat' dir='ltr'>adjungam</span> <span class='ocrx_word' id='word_1_39' title='bbox 975 1333 1154 1407; x_wconf 85' lang='lat' dir='ltr'>oblationi</span> <span class='ocrx_word' id='word_1_40' title='bbox 1168 1357 1255 1431; x_wconf 89' lang='lat' dir='ltr'>pre-</span> 
     </span>
     <span class='ocr_line' id='line_1_8' title="bbox 109 1482 1255 1581; baseline 0 -23"><span class='ocrx_word' id='word_1_41' title='bbox 109 1485 249 1558; x_wconf 90' lang='lat' dir='ltr'>culam:</span> <span class='ocrx_word' id='word_1_42' title='bbox 276 1509 420 1581; x_wconf 87' lang='lat' dir='ltr'>nempe,</span> <span class='ocrx_word' id='word_1_43' title='bbox 446 1497 490 1558; x_wconf 92' lang='lat' dir='ltr'>ut</span> <span class='ocrx_word' id='word_1_44' title='bbox 515 1484 675 1558; x_wconf 87' lang='lat' dir='ltr'>lectione</span> <span class='ocrx_word' id='word_1_45' title='bbox 708 1483 854 1581; x_wconf 88' lang='lat' dir='ltr'>dignari</span> <span class='ocrx_word' id='word_1_46' title='bbox 877 1483 966 1556; x_wconf 90' lang='lat' dir='ltr'>velis</span> <span class='ocrx_word' id='word_1_47' title='bbox 995 1482 1144 1556; x_wconf 87' lang='lat' dir='ltr'>brevem</span> <span class='ocrx_word' id='word_1_48' title='bbox 1172 1507 1255 1579; x_wconf 87' lang='lat' dir='ltr'>quae</span> 
     </span>
     <span class='ocr_line' id='line_1_9' title="bbox 109 1634 1257 1736; baseline -0.003 -24"><span class='ocrx_word' id='word_1_49' title='bbox 109 1639 276 1735; x_wconf 90' lang='lat' dir='ltr'>sequitur</span> <span class='ocrx_word' id='word_1_50' title='bbox 293 1637 524 1736; x_wconf 80' lang='lat' dir='ltr'>Apologiom</span> <span class='ocrx_word' id='word_1_51' title='bbox 550 1660 618 1733; x_wconf 89' lang='lat' dir='ltr'>pro</span> <span class='ocrx_word' id='word_1_52' title='bbox 635 1635 731 1710; x_wconf 89' lang='lat' dir='ltr'>libro</span> <span class='ocrx_word' id='word_1_53' title='bbox 749 1660 843 1726; x_wconf 92' lang='lat' dir='ltr'>meo,</span> <span class='ocrx_word' id='word_1_54' title='bbox 862 1659 971 1733; x_wconf 90' lang='lat' dir='ltr'>quem</span> <span class='ocrx_word' id='word_1_55' title='bbox 988 1634 1034 1708; x_wconf 92' lang='lat' dir='ltr'>de</span> <span class='ocrx_word' id='word_1_56' title='bbox 1052 1635 1257 1731; x_wconf 86' lang='lat' dir='ltr'>Republica</span> 
     </span>
     <span class='ocr_line' id='line_1_10' title="bbox 109 1786 1256 1884; baseline -0.003 -20"><span class='ocrx_word' id='word_1_57' title='bbox 109 1813 277 1864; x_wconf 86' lang='lat' dir='ltr'>sermone</span> <span class='ocrx_word' id='word_1_58' title='bbox 295 1789 414 1884; x_wconf 89' lang='lat' dir='ltr'>patrio</span> <span class='ocrx_word' id='word_1_59' title='bbox 442 1788 620 1884; x_wconf 89' lang='lat' dir='ltr'>scriptum</span> <span class='ocrx_word' id='word_1_60' title='bbox 650 1787 830 1884; x_wconf 90' lang='lat' dir='ltr'>appellavi</span> <span class='ocrx_word' id='word_1_61' title='bbox 859 1807 1115 1860; x_wconf 66' lang='lat' dir='ltr'>numerurm.</span> <span class='ocrx_word' id='word_1_62' title='bbox 1167 1786 1256 1860; x_wconf 94' lang='lat' dir='ltr'>Non</span> 
     </span>
     <span class='ocr_line' id='line_1_11' title="bbox 108 1936 1254 2036; baseline -0.003 -22"><span class='ocrx_word' id='word_1_63' title='bbox 108 1951 231 2014; x_wconf 83' lang='lat' dir='ltr'>tamen</span> <span class='ocrx_word' id='word_1_64' title='bbox 248 1954 290 2012; x_wconf 93' lang='lat' dir='ltr'>ut</span> <span class='ocrx_word' id='word_1_65' title='bbox 307 1938 488 2036; x_wconf 86' lang='lat' dir='ltr'>apologiae</span> <span class='ocrx_word' id='word_1_66' title='bbox 505 1939 760 2036; x_wconf 87' lang='lat' dir='ltr'>qualicunque,</span> <span class='ocrx_word' id='word_1_67' title='bbox 779 1936 845 2011; x_wconf 87' lang='lat' dir='ltr'>sed</span> <span class='ocrx_word' id='word_1_68' title='bbox 861 1937 1063 2011; x_wconf 81' lang='lat' dir='ltr'>Amnestiae</span> <span class='ocrx_word' id='word_1_69' title='bbox 1090 1937 1254 2034; x_wconf 88' lang='lat' dir='ltr'>generali</span> 
     </span>
     <span class='ocr_line' id='line_1_12' title="bbox 110 2088 1255 2164; baseline -0.001 0"><span class='ocrx_word' id='word_1_70' title='bbox 110 2091 294 2164; x_wconf 86' lang='lat' dir='ltr'>confidere</span> <span class='ocrx_word' id='word_1_71' title='bbox 324 2088 519 2163; x_wconf 90' lang='lat' dir='ltr'>consilium</span> <span class='ocrx_word' id='word_1_72' title='bbox 549 2089 640 2162; x_wconf 92' lang='lat' dir='ltr'>mihi</span> <span class='ocrx_word' id='word_1_73' title='bbox 663 2089 722 2163; x_wconf 91' lang='lat' dir='ltr'>sit.</span> <span class='ocrx_word' id='word_1_74' title='bbox 777 2089 856 2163; x_wconf 90' lang='lat' dir='ltr'>Nec</span> <span class='ocrx_word' id='word_1_75' title='bbox 883 2101 927 2162; x_wconf 93' lang='lat' dir='ltr'>ut</span> <span class='ocrx_word' id='word_1_76' title='bbox 950 2113 1009 2162; x_wconf 89' lang='lat' dir='ltr'>me</span> <span class='ocrx_word' id='word_1_77' title='bbox 1037 2114 1113 2162; x_wconf 94' lang='lat' dir='ltr'>non</span> <span class='ocrx_word' id='word_1_78' title='bbox 1143 2089 1255 2164; x_wconf 90' lang='lat' dir='ltr'>modo</span> 
     </span>
     <span class='ocr_line' id='line_1_13' title="bbox 110 2238 1256 2335; baseline 0 -22"><span class='ocrx_word' id='word_1_79' title='bbox 110 2240 228 2329; x_wconf 87' lang='lat' dir='ltr'>venia,</span> <span class='ocrx_word' id='word_1_80' title='bbox 246 2238 436 2313; x_wconf 91' lang='lat' dir='ltr'>sedetiam</span> <span class='ocrx_word' id='word_1_81' title='bbox 448 2239 569 2334; x_wconf 89' lang='lat' dir='ltr'>gratia</span> <span class='ocrx_word' id='word_1_82' title='bbox 583 2250 648 2312; x_wconf 92' lang='lat' dir='ltr'>tua</span> <span class='ocrx_word' id='word_1_83' title='bbox 663 2241 739 2335; x_wconf 86' lang='lat' dir='ltr'>jam</span> <span class='ocrx_word' id='word_1_84' title='bbox 752 2249 930 2328; x_wconf 92' lang='lat' dir='ltr'>utentem,</span> <span class='ocrx_word' id='word_1_85' title='bbox 942 2250 981 2312; x_wconf 94' lang='lat' dir='ltr'>et</span> <span class='ocrx_word' id='word_1_86' title='bbox 997 2239 1179 2313; x_wconf 89' lang='lat' dir='ltr'>beneficio</span> <span class='ocrx_word' id='word_1_87' title='bbox 1190 2250 1256 2313; x_wconf 92' lang='lat' dir='ltr'>tuo</span> 
     </span>
     <span class='ocr_line' id='line_1_14' title="bbox 109 2386 1256 2486; baseline -0.001 -23"><span class='ocrx_word' id='word_1_88' title='bbox 109 2389 318 2486; x_wconf 90' lang='lat' dir='ltr'>gratissimo</span> <span class='ocrx_word' id='word_1_89' title='bbox 348 2399 532 2478; x_wconf 86' lang='lat' dir='ltr'>ornatum,</span> <span class='ocrx_word' id='word_1_90' title='bbox 566 2386 666 2484; x_wconf 89' lang='lat' dir='ltr'>apud</span> <span class='ocrx_word' id='word_1_91' title='bbox 692 2388 928 2484; x_wconf 86' lang='lat' dir='ltr'>Majestatem</span> <span class='ocrx_word' id='word_1_92' title='bbox 962 2398 1065 2461; x_wconf 90' lang='lat' dir='ltr'>tuam</span> <span class='ocrx_word' id='word_1_93' title='bbox 1097 2412 1256 2486; x_wconf 89' lang='lat' dir='ltr'>purgare</span> 
     </span>
     <span class='ocr_line' id='line_1_15' title="bbox 110 2535 1255 2634; baseline -0.003 -19"><span class='ocrx_word' id='word_1_94' title='bbox 110 2561 259 2618; x_wconf 87' lang='lat' dir='ltr'>necesse</span> <span class='ocrx_word' id='word_1_95' title='bbox 287 2537 466 2610; x_wconf 88' lang='lat' dir='ltr'>habeam:</span> <span class='ocrx_word' id='word_1_96' title='bbox 497 2535 564 2610; x_wconf 89' lang='lat' dir='ltr'>sed</span> <span class='ocrx_word' id='word_1_97' title='bbox 588 2548 642 2626; x_wconf 88' lang='lat' dir='ltr'>ut,</span> <span class='ocrx_word' id='word_1_98' title='bbox 675 2559 803 2610; x_wconf 88' lang='lat' dir='ltr'>eorum</span> <span class='ocrx_word' id='word_1_99' title='bbox 834 2559 945 2610; x_wconf 88' lang='lat' dir='ltr'>causa</span> <span class='ocrx_word' id='word_1_100' title='bbox 974 2537 1038 2634; x_wconf 92' lang='lat' dir='ltr'>qui</span> <span class='ocrx_word' id='word_1_101' title='bbox 1068 2537 1255 2611; x_wconf 85' lang='lat' dir='ltr'>malevolis</span> 
     </span>
     <span class='ocr_line' id='line_1_16' title="bbox 110 2686 1256 2785; baseline 0.003 -24"><span class='ocrx_word' id='word_1_102' title='bbox 110 2690 202 2763; x_wconf 91' lang='lat' dir='ltr'>meis</span> <span class='ocrx_word' id='word_1_103' title='bbox 218 2701 355 2762; x_wconf 88' lang='lat' dir='ltr'>temere</span> <span class='ocrx_word' id='word_1_104' title='bbox 374 2687 565 2761; x_wconf 86' lang='lat' dir='ltr'>credentes</span> <span class='ocrx_word' id='word_1_105' title='bbox 592 2687 700 2761; x_wconf 89' lang='lat' dir='ltr'>aliter</span> <span class='ocrx_word' id='word_1_106' title='bbox 729 2686 862 2761; x_wconf 90' lang='lat' dir='ltr'>deme</span> <span class='ocrx_word' id='word_1_107' title='bbox 889 2710 999 2783; x_wconf 93' lang='lat' dir='ltr'>quam</span> <span class='ocrx_word' id='word_1_108' title='bbox 1026 2711 1172 2785; x_wconf 80' lang='lat' dir='ltr'>aequum</span> <span class='ocrx_word' id='word_1_109' title='bbox 1199 2700 1256 2764; x_wconf 88' lang='lat' dir='ltr'>est</span> 
     </span>
     <span class='ocr_line' id='line_1_17' title="bbox 109 2835 1255 2935; baseline 0.003 -25"><span class='ocrx_word' id='word_1_110' title='bbox 109 2838 284 2926; x_wconf 87' lang='lat' dir='ltr'>sentiunt,</span> <span class='ocrx_word' id='word_1_111' title='bbox 303 2838 524 2911; x_wconf 90' lang='lat' dir='ltr'>sententiam</span> <span class='ocrx_word' id='word_1_112' title='bbox 542 2861 661 2910; x_wconf 89' lang='lat' dir='ltr'>meam</span> <span class='ocrx_word' id='word_1_113' title='bbox 683 2835 932 2910; x_wconf 90' lang='lat' dir='ltr'>duriusculam</span> <span class='ocrx_word' id='word_1_114' title='bbox 955 2836 1101 2933; x_wconf 89' lang='lat' dir='ltr'>publice</span> <span class='ocrx_word' id='word_1_115' title='bbox 1117 2839 1255 2935; x_wconf 91' lang='lat' dir='ltr'>possim</span> 
     </span>
     <span class='ocr_line' id='line_1_18' title="bbox 109 2989 568 3086; baseline 0 -24"><span class='ocrx_word' id='word_1_116' title='bbox 109 2989 375 3086; x_wconf 88' lang='lat' dir='ltr'>aliquantulum</span> <span class='ocrx_word' id='word_1_117' title='bbox 392 2989 568 3062; x_wconf 88' lang='lat' dir='ltr'>emollire.</span> 
     </span>
    </p>

    <p class='ocr_par' dir='ltr' id='par_1_5' title="bbox 108 3140 1255 4146">
     <span class='ocr_line' id='line_1_19' title="bbox 159 3140 1252 3239; baseline 0.005 -25"><span class='ocrx_word' id='word_1_118' title='bbox 159 3141 293 3227; x_wconf 91' lang='lat' dir='ltr'>Primo,</span> <span class='ocrx_word' id='word_1_119' title='bbox 311 3140 447 3236; x_wconf 89' lang='lat' dir='ltr'>dogma</span> <span class='ocrx_word' id='word_1_120' title='bbox 463 3140 515 3213; x_wconf 90' lang='lat' dir='ltr'>ibi</span> <span class='ocrx_word' id='word_1_121' title='bbox 532 3140 632 3237; x_wconf 94' lang='lat' dir='ltr'>quod</span> <span class='ocrx_word' id='word_1_122' title='bbox 650 3141 905 3239; x_wconf 87' lang='lat' dir='ltr'>theologorum</span> <span class='ocrx_word' id='word_1_123' title='bbox 932 3144 1127 3218; x_wconf 86' lang='lat' dir='ltr'>sententiae</span> <span class='ocrx_word' id='word_1_124' title='bbox 1153 3168 1252 3219; x_wconf 89' lang='lat' dir='ltr'>com-</span> 
     </span>
     <span class='ocr_line' id='line_1_20' title="bbox 110 3291 1255 3385; baseline 0.003 -19"><span class='ocrx_word' id='word_1_125' title='bbox 110 3294 212 3366; x_wconf 92' lang='lat' dir='ltr'>muni</span> <span class='ocrx_word' id='word_1_126' title='bbox 239 3293 465 3366; x_wconf 88' lang='lat' dir='ltr'>contrarium</span> <span class='ocrx_word' id='word_1_127' title='bbox 494 3291 554 3381; x_wconf 90' lang='lat' dir='ltr'>sit,</span> <span class='ocrx_word' id='word_1_128' title='bbox 583 3292 724 3365; x_wconf 87' lang='lat' dir='ltr'>nullum</span> <span class='ocrx_word' id='word_1_129' title='bbox 753 3292 893 3367; x_wconf 89' lang='lat' dir='ltr'>directe</span> <span class='ocrx_word' id='word_1_130' title='bbox 923 3295 1089 3369; x_wconf 88' lang='lat' dir='ltr'>affirmo:</span> <span class='ocrx_word' id='word_1_131' title='bbox 1116 3295 1193 3385; x_wconf 86' lang='lat' dir='ltr'>sed,</span> <span class='ocrx_word' id='word_1_132' title='bbox 1211 3308 1255 3370; x_wconf 92' lang='lat' dir='ltr'>ut</span> 
     </span>
     <span class='ocr_line' id='line_1_21' title="bbox 110 3441 1253 3542; baseline 0.003 -25"><span class='ocrx_word' id='word_1_133' title='bbox 110 3444 259 3532; x_wconf 87' lang='lat' dir='ltr'>diffisus,</span> <span class='ocrx_word' id='word_1_134' title='bbox 277 3442 421 3516; x_wconf 91' lang='lat' dir='ltr'>illorum</span> <span class='ocrx_word' id='word_1_135' title='bbox 433 3442 590 3516; x_wconf 90' lang='lat' dir='ltr'>decretis</span> <span class='ocrx_word' id='word_1_136' title='bbox 602 3441 747 3516; x_wconf 84' lang='lat' dir='ltr'>disertis</span> <span class='ocrx_word' id='word_1_137' title='bbox 757 3443 880 3516; x_wconf 89' lang='lat' dir='ltr'>verbis</span> <span class='ocrx_word' id='word_1_138' title='bbox 895 3446 1083 3535; x_wconf 90' lang='lat' dir='ltr'>submitto,</span> <span class='ocrx_word' id='word_1_139' title='bbox 1096 3468 1253 3542; x_wconf 91' lang='lat' dir='ltr'>quorum</span> 
     </span>
     <span class='ocr_line' id='line_1_22' title="bbox 109 3591 1253 3690; baseline 0.001 -23"><span class='ocrx_word' id='word_1_140' title='bbox 109 3606 166 3667; x_wconf 91' lang='lat' dir='ltr'>est</span> <span class='ocrx_word' id='word_1_141' title='bbox 195 3595 233 3667; x_wconf 95' lang='lat' dir='ltr'>in</span> <span class='ocrx_word' id='word_1_142' title='bbox 262 3593 427 3667; x_wconf 88' lang='lat' dir='ltr'>Ecclesia</span> <span class='ocrx_word' id='word_1_143' title='bbox 454 3591 617 3690; x_wconf 89' lang='lat' dir='ltr'>regenda</span> <span class='ocrx_word' id='word_1_144' title='bbox 647 3616 789 3666; x_wconf 93' lang='lat' dir='ltr'>summa</span> <span class='ocrx_word' id='word_1_145' title='bbox 818 3593 1034 3668; x_wconf 88' lang='lat' dir='ltr'>authoritas.</span> <span class='ocrx_word' id='word_1_146' title='bbox 1097 3595 1253 3686; x_wconf 88' lang='lat' dir='ltr'>Deinde,</span> 
     </span>
     <span class='ocr_line' id='line_1_23' title="bbox 108 3741 1254 3841; baseline 0.002 -23"><span class='ocrx_word' id='word_1_147' title='bbox 108 3756 304 3841; x_wconf 90' lang='lat' dir='ltr'>postquam</span> <span class='ocrx_word' id='word_1_148' title='bbox 312 3742 493 3815; x_wconf 86' lang='lat' dir='ltr'>&#39;Ecclesiae</span> <span class='ocrx_word' id='word_1_149' title='bbox 510 3741 714 3816; x_wconf 87' lang='lat' dir='ltr'>authoritas</span> <span class='ocrx_word' id='word_1_150' title='bbox 733 3744 903 3817; x_wconf 87' lang='lat' dir='ltr'>restituta</span> <span class='ocrx_word' id='word_1_151' title='bbox 915 3759 1028 3818; x_wconf 90' lang='lat' dir='ltr'>esset:</span> <span class='ocrx_word' id='word_1_152' title='bbox 1056 3768 1141 3818; x_wconf 89' lang='lat' dir='ltr'>nam</span> <span class='ocrx_word' id='word_1_153' title='bbox 1165 3746 1254 3821; x_wconf 92' lang='lat' dir='ltr'>dum</span> 
     </span>
     <span class='ocr_line' id='line_1_24' title="bbox 108 3895 1254 3993; baseline 0.003 -25"><span class='ocrx_word' id='word_1_154' title='bbox 108 3895 189 3969; x_wconf 84' lang='lat' dir='ltr'>haec</span> <span class='ocrx_word' id='word_1_155' title='bbox 221 3895 437 3982; x_wconf 90' lang='lat' dir='ltr'>scribebam,</span> <span class='ocrx_word' id='word_1_156' title='bbox 463 3895 637 3969; x_wconf 77' lang='lat' dir='ltr'>Ecclesiae</span> <span class='ocrx_word' id='word_1_157' title='bbox 666 3895 883 3990; x_wconf 84' lang='lat' dir='ltr'>Anglicanae</span> <span class='ocrx_word' id='word_1_158' title='bbox 912 3898 1077 3993; x_wconf 87' lang='lat' dir='ltr'>regimen</span> <span class='ocrx_word' id='word_1_159' title='bbox 1111 3897 1254 3972; x_wconf 91' lang='lat' dir='ltr'>nullum</span> 
     </span>
     <span class='ocr_line' id='line_1_25' title="bbox 108 4046 1254 4146; baseline 0.003 -26"><span class='ocrx_word' id='word_1_160' title='bbox 108 4060 201 4135; x_wconf 87' lang='lat' dir='ltr'>erat,</span> <span class='ocrx_word' id='word_1_161' title='bbox 232 4047 296 4120; x_wconf 88' lang='lat' dir='ltr'>sed</span> <span class='ocrx_word' id='word_1_162' title='bbox 326 4048 574 4143; x_wconf 91' lang='lat' dir='ltr'>unusquisque</span> <span class='ocrx_word' id='word_1_163' title='bbox 605 4046 778 4144; x_wconf 91' lang='lat' dir='ltr'>quicquid</span> <span class='ocrx_word' id='word_1_164' title='bbox 810 4047 925 4120; x_wconf 90' lang='lat' dir='ltr'>voluit</span> <span class='ocrx_word' id='word_1_165' title='bbox 958 4047 1073 4122; x_wconf 92' lang='lat' dir='ltr'>libere</span> <span class='ocrx_word' id='word_1_166' title='bbox 1107 4050 1254 4146; x_wconf 89' lang='lat' dir='ltr'>scripsit</span> 
     </span>
    </p>
   </div>
   <div class='ocr_carea' id='block_1_4' title="bbox 107 4195 1252 4420">
    <p class='ocr_par' dir='ltr' id='par_1_6' title="bbox 107 4195 1252 4420">
     <span class='ocr_line' id='line_1_26' title="bbox 107 4195 1252 4295; baseline 0.002 -25"><span class='ocrx_word' id='word_1_167' title='bbox 107 4197 317 4294; x_wconf 91' lang='lat' dir='ltr'>ediditque:</span> <span class='ocrx_word' id='word_1_168' title='bbox 345 4219 465 4291; x_wconf 93' lang='lat' dir='ltr'>neque</span> <span class='ocrx_word' id='word_1_169' title='bbox 493 4197 629 4293; x_wconf 90' lang='lat' dir='ltr'>scripto</span> <span class='ocrx_word' id='word_1_170' title='bbox 660 4220 781 4292; x_wconf 92' lang='lat' dir='ltr'>neque</span> <span class='ocrx_word' id='word_1_171' title='bbox 811 4195 993 4290; x_wconf 93' lang='lat' dir='ltr'>colloquio</span> <span class='ocrx_word' id='word_1_172' title='bbox 1010 4196 1072 4270; x_wconf 90' lang='lat' dir='ltr'>illa</span> <span class='ocrx_word' id='word_1_173' title='bbox 1090 4222 1252 4295; x_wconf 91' lang='lat' dir='ltr'>unquam</span> 
     </span>
     <span class='ocr_line' id='line_1_27' title="bbox 109 4346 267 4420; baseline 0 0"><span class='ocrx_word' id='word_1_174' title='bbox 109 4346 267 4420; x_wconf 86' lang='lat' dir='ltr'>defendi.</span> 
     </span>
    </p>
   </div>
   <div class='ocr_carea' id='block_1_5' title="bbox 0 0 1448 5002">
    <p class='ocr_par' dir='ltr' id='par_1_7' title="bbox 0 0 1448 5002">
     <span class='ocr_line' id='line_1_28' title="bbox 0 0 1448 5002; baseline 0 0"><span class='ocrx_word' id='word_1_175' title='bbox 0 0 1448 5002; x_wconf 95' lang='lat' dir='ltr'> </span> 
     </span>
    </p>
   </div>
  </div>
 </body>
</html>
