2888 5002
279 429 703 484 rnoroarronanraus
724 432 769 483 ru
790 432 974 485 annuus.
1074 421 1148 487 483

107 607 210 668 recto
225 594 445 692 adjacentia,
462 621 546 670 oum
564 596 788 671 subtendens
804 598 868 671 illa
883 621 959 671 nou
976 598 1025 672 sit
1041 597 1150 690 linea,
1184 632 1348 673 naasion.

108 707 174 782 sed
204 709 388 783 minutum
414 708 666 805 triangulum3
693 713 796 807 cujus
819 712 850 784 si
872 723 1051 807 punctum
1068 736 1152 784 ver-

107 822 216 896 ticale
239 832 476 918 computetur
504 846 572 919 pro
599 822 727 913 nihilo,
748 825 926 898 terminus
956 825 1050 898 alter
1079 826 1151 898 erit

110 936 286 1033 trianguli
304 937 438 1010 minuti
451 936 561 1010 basis.

159 1050 253 1122 Cum
280 1050 378 1122 enim
403 1049 486 1122 duae
509 1061 621 1122 reotae
637 1049 714 1138 BA,
732 1049 796 1123 BC
812 1063 991 1146 puuctum
1013 1050 1153 1123 habent

106 1162 344 1235 communeB
359 1162 565 1256 quantitate
582 1185 733 1248 careus3
760 1164 791 1236 si
804 1165 851 1237 ab
865 1163 996 1237 eodem
1012 1174 1151 1259 puncto

110 1278 140 1350 B
158 1276 315 1349 ducatur
341 1275 451 1349 tertia
476 1293 578 1348 recta
596 1275 735 1349 faciens
762 1277 937 1373 angulum
955 1300 1151 1372 quemcun-

109 1414 181 1487 que
199 1414 284 1463 oum
302 1388 369 1461 BA
384 1388 443 1461 vel
462 1388 535 1477 BC,
553 1388 616 1461 illa
639 1389 750 1462 tertia
765 1391 917 1486 propior
934 1390 1004 1463 erit
1020 1390 1153 1463 utrivis

107 1504 264 1578 duarum
293 1501 371 1590 ΒΑ,
400 1498 476 1590 ΒΟ,
509 1524 620 1596 quam
648 1501 766 1575 altera
793 1526 919 1575 earum
948 1502 1079 1587 alteri;
1114 1516 1152 1576 et

107 1626 305 1714 propterea
320 1614 473 1687 habebit
495 1614 604 1688 tertia
630 1614 694 1689 illa
718 1639 803 1689 eum
832 1617 970 1690 utravis
987 1617 1152 1713 priorum

108 1729 190 1827 plus
221 1751 330 1825 quam
356 1738 535 1824 punctum
565 1751 772 1818 commuue,
790 1729 829 1802 id
846 1743 903 1803 est
920 1753 1150 1803 communem

107 1855 264 1940 partem.
303 1841 429 1916 Quare
443 1851 518 1914 tres
527 1840 600 1914 illae
611 1854 722 1916 rectae
739 1866 814 1916 una
831 1842 1030 1940 eademque
1043 1853 1152 1916 erunt

108 1967 221 2030 reeta.
259 1955 354 2028 Item
372 1964 522 2051 propter
539 1954 694 2028 eandem
711 1979 871 2045 oausam,
886 1966 1006 2029 totum
1023 1955 1151 2028 circuli

107 2071 259 2167 planum
275 2069 347 2141 erit
363 2067 461 2140 linea
478 2080 590 2141 recta.
631 2068 742 2142 Quod
759 2069 846 2142 satis
864 2082 921 2142 est
938 2067 1149 2143 absurdum.

159 2181 275 2255 Recta
292 2204 380 2277 ergo
398 2181 622 2255 subtendens
644 2203 711 2277 pro
735 2181 833 2254 linea
848 2182 975 2255 haberi
992 2206 1066 2255 nou
1083 2205 1151 2278 po-

108 2306 192 2382 test,
218 2294 289 2367 uisi
319 2318 401 2390 quae
424 2294 472 2367 sit
495 2293 697 2390 diagonalis
725 2294 905 2390 quadrati.
957 2295 1026 2368 Illa
1052 2295 1151 2368 enim

109 2407 240 2481 dividit
267 2407 443 2504 angulum
476 2418 621 2480 rectum
650 2406 841 2480 bifariam:
877 2407 916 2480 id
946 2407 1046 2504 quod
1075 2432 1151 2481 nou

108 2521 197 2595 facit
231 2521 435 2620 diagonalis
468 2520 675 2617 reetanguli
703 2543 779 2593 non
807 2520 989 2617 quadrati.
1041 2520 1151 2594 Unde

109 2658 259 2708 necesse
282 2645 340 2708 est
360 2635 638 2708 numerantibus
656 2632 847 2730 quadrata,
865 2633 967 2730 (quia
983 2634 1150 2708 minutis-

107 2749 192 2824 simi
220 2748 396 2845 trianguli
421 2748 531 2839 basis,
548 2748 869 2845 quantulacunque
894 2772 939 2821 ea
956 2748 1015 2837 sit,
1034 2772 1151 2843 quau-

108 2861 197 2935 titas
227 2871 352 2937 tamen
386 2863 473 2956 est),
508 2885 620 2936 unam
653 2873 693 2934 et
719 2861 875 2935 eandem
904 2861 1150 2960 quantitatem

108 2976 241 3072 saepius
258 2998 465 3048 numerare.

160 3087 199 3161 Si
217 3087 375 3185 denique
398 3088 512 3161 cubos
538 3089 637 3185 ipsos
655 3110 722 3184 per
738 3111 911 3161 numeros
927 3087 1150 3184 investigare

108 3201 287 3291 volumno,
322 3200 545 3297 impossibile
579 3200 773 3285 volumus;
808 3201 896 3297 quia
929 3199 1150 3297 quadratum

109 3313 392 3410 multiplicatum
408 3338 474 3410 per
490 3338 684 3389 numerum
701 3314 790 3388 facit
803 3337 947 3410 semper
959 3315 1149 3411 quadrata,

109 3451 266 3523 quorum
283 3427 385 3501 nulla
401 3427 599 3502 multitudo
616 3428 729 3501 faciet
745 3429 892 3503 cubum.

159 3540 279 3614 Causa
295 3564 385 3637 ergo
402 3564 516 3636 quare
539 3541 767 3637 problemata
793 3540 868 3631 illa,
886 3541 1063 3614 metiendi
1079 3541 1149 3612 oir-

108 3654 244 3744 oulum‚
263 3652 475 3751 duplicandi
492 3654 639 3742 cubum,
654 3652 842 3726 dividendi
860 3654 1047 3749 angulum,
1061 3653 1152 3725 divi-

109 3767 221 3840 dendi
238 3767 433 3854 rationem,
444 3778 482 3839 et
499 3765 571 3839 alia
587 3765 704 3839 multa
720 3765 870 3839 inventa
882 3767 1059 3840 hactenns
1076 3789 1152 3838 non

108 3880 257 3970 fuerint,
268 3878 369 3953 nulla
386 3879 565 3974 assignari
578 3890 700 3975 potest
716 3891 852 3974 praeter
868 3879 954 3951 bas:
977 3887 1019 3951 1⁰.
1040 3877 1152 3952 Quod

108 3993 156 4066 ad
173 4017 218 4066 ea
234 3990 456 4065 invenienda
472 3991 577 4064 abusi
595 4002 683 4064 sunt
695 3991 945 4064 arithmetica:
972 3999 1020 4068 2⁰.
1039 3991 1152 4065 Quod

108 4130 251 4181 errores
280 4106 516 4201 antiquorum
546 4105 771 4180 recentiores
807 4103 959 4177 nimium
986 4105 1151 4177 venerati

107 4231 205 4295 sunt.
259 4228 307 4294 3⁰.
335 4218 446 4294 Quod
462 4220 525 4316 qui
543 4242 685 4295 errores
701 4218 783 4294 illos
804 4218 929 4292 conati
945 4229 1032 4291 sunt
1050 4218 1150 4291 dete-

974 4354 1049 4405 112
