2888 5002
386 431 702 484 marnnmarrcn
722 431 965 484 nonrnnmn.
1143 415 1192 482 69

149 620 242 693 quas
263 619 435 693 superare
460 597 642 687 nesciunt,
660 621 707 671 ne
729 621 868 671 errasse
890 597 1096 682 videantur,
1122 597 1192 670 fin·
1228 619 1381 665 nitrosus

151 722 245 806 gunt
269 711 455 807 possibilia
477 735 556 784 esse
581 736 664 808 quae
688 735 763 785 non
791 725 880 786 sunt
905 711 1106 808 possibilia,
1133 709 1192 784 vel
1231 707 1375 812 ss

151 824 281 898 dicunt
299 824 438 920 aliquid
456 825 554 921 quod
574 849 650 898 non
675 825 791 922 possit
808 825 965 922 intelligi
980 856 989 909 ;
1015 824 1192 921 recipitur

151 951 276 1011 tamen
293 939 340 1012 ab
357 939 414 1027 iis,
429 940 493 1036 qui
511 939 654 1012 malunt
666 940 745 1012 sine
762 939 931 1012 molestia
943 938 1078 1011 habere
1093 937 1193 1035 quod

151 1051 290 1140 dicant,
309 1076 419 1148 quam
433 1076 517 1125 cum
535 1052 703 1125 molestia
720 1052 821 1148 quod
837 1051 1010 1125 sentiant.

202 1161 250 1235 B.
278 1163 458 1237 Videntur
474 1176 598 1237 autem
622 1164 828 1259 intelligere
849 1164 990 1260 aliquid
1005 1187 1072 1260 per
1093 1187 1194 1237 rare-

152 1277 350 1352 factionem
363 1291 403 1351 et
419 1278 766 1351 condensationem:
793 1277 931 1374 alioqui
947 1301 1023 1350 non
1040 1277 1195 1352 insulta·

152 1403 236 1464 rent
252 1391 290 1463 in
309 1414 372 1464 eos
389 1391 454 1487 qui
470 1391 634 1463 sentiunt
651 1390 889 1464 contrarium.

203 1502 250 1577 A.
277 1505 383 1589 Puto,
416 1504 489 1576 hoc
522 1502 707 1587 sentiunt;
744 1504 783 1576 in
817 1503 1037 1577 tumescenti
1070 1503 1196 1600 aliquo

154 1640 319 1713 corpore,
353 1616 446 1689 nihil
476 1616 529 1688 illi
558 1616 751 1689 admisceri
782 1616 945 1712 corporis
976 1615 1192 1689 adventitii:

153 1744 209 1819 ut,
227 1729 329 1803 verbi
347 1753 468 1813 causa,
486 1729 661 1803 bulliente
682 1752 777 1826 aqua
799 1729 892 1802 nihil
916 1728 1111 1803 admisceri
1127 1753 1195 1825 pu-

154 1857 238 1917 tant
254 1844 360 1933 aeris,
374 1843 439 1916 sed
453 1845 569 1939 ipsam
583 1867 728 1939 aquam,
742 1842 896 1915 eandem
911 1844 1142 1930 existentem,
1156 1841 1195 1914 in

155 1959 273 2052 majus
290 1955 440 2030 extendi
463 1955 622 2052 spatium
643 1956 726 2029 loci.
778 1956 851 2029 Sed
879 1957 989 2053 ipsoS,
1017 1956 1082 2052 qui
1106 1955 1196 2029 doc-

156 2071 292 2143 trinam
310 2070 406 2142 hanc
423 2069 469 2142 de
493 2068 736 2142 rarefactione
761 2081 800 2142 et
817 2070 1103 2143 condensatione
1130 2069 1196 2143 do-

155 2208 240 2257 cere
274 2184 405 2278 solent,
450 2184 560 2255 unico
593 2195 742 2256 tantum
775 2197 992 2280 argumento
1028 2206 1196 2257 cessuros

154 2297 289 2371 credo:
315 2296 500 2385 nimirum,
530 2296 651 2393 siqui
677 2297 900 2393 stipendium
916 2298 1095 2386 Wallisio,
1125 2297 1198 2371 dis·

156 2423 370 2507 pensatores
403 2410 571 2483 beneficii
602 2410 788 2499 Saviliani,
815 2411 971 2484 soluturi
1001 2422 1099 2501 sunt,
1129 2434 1197 2507 pro

155 2523 284 2596 solidis
310 2534 547 2596 numerarent
571 2523 624 2595 illi
649 2522 804 2595 totidem
830 2523 1070 2613 semisolidos,
1098 2523 1196 2596 dice-

155 2650 314 2735 rentque
335 2636 471 2710 solidos
494 2660 572 2710 esse
597 2636 746 2733 frigore,
774 2637 834 2710 cui
858 2637 1012 2711 fortuito
1039 2636 1197 2734 expositi

153 2752 323 2840 fuissent,
340 2750 595 2839 condensatos,
616 2775 690 2824 non
713 2766 805 2847 puto
828 2751 994 2824 crederet
1010 2749 1197 2824 Wallisius

156 2865 196 2939 id
213 2864 294 2937 fieri
309 2862 498 2960 (quicquid
518 2863 608 2936 alias
626 2864 785 2937 scribere
803 2865 934 2957 soleat)
954 2865 1131 2961 potuisse.

208 2977 379 3051 Secunda
412 2976 578 3051 delinitio
608 2989 664 3050 est
694 2976 941 3076 multurlicin
973 2980 1100 3075 proba,
1129 3002 1198 3052 nec

152 3091 327 3164 difficilis.
362 3090 489 3163 Tertia
502 3103 558 3163 est
570 3090 732 3163 rationis
744 3118 758 3173 ‚·
788 3091 876 3164 satis
893 3092 1031 3188 inepta.
1070 3092 1197 3182 Ratio,

81 3248 85 3253 ·
159 3205 291 3301 inquit,
305 3213 360 3276 eet
379 3203 538 3276 duarum
555 3203 849 3301 magnitudinum
866 3205 1029 3300 ejusdem
1044 3207 1199 3304 generis

158 3327 284 3391 mutua
299 3316 468 3414 quaedum
484 3315 672 3389 habitudo.

209 3432 260 3504 B.
287 3428 458 3525 lntelligo
476 3451 540 3501 eos
563 3428 627 3525 qui
649 3429 849 3525 loquuntur
876 3430 923 3504 de
952 3432 1106 3523 ratione,
1134 3433 1200 3506 sed

160 3545 207 3619 de
224 3544 438 3618 habitudine
461 3543 653 3640 loquentes
673 3567 749 3617 non
774 3544 953 3641 intelligo.
1006 3545 1201 3619 Habitudo

161 3659 207 3732 ab
221 3657 389 3731 habendo
407 3656 556 3730 dicitur.
609 3657 745 3731 Quaero
766 3658 890 3754 igitur,
911 3658 1000 3756 quid
1026 3659 1201 3758 estquod

160 3772 329 3846 hocloco
346 3770 484 3853 haben
510 3769 722 3868 quidquod
746 3770 930 3856 haletum·
962 3786 1000 3846 et
1031 3797 1077 3846 an
1107 3774 1202 3848 ratio

161 3886 306 3959 dicatur
325 3882 515 3973 habitudo,
540 3883 586 3956 ab
612 3883 779 3980 eoquod
805 3885 886 3981 ipsa
914 3885 1024 3959 habet
1050 3886 1202 3985 aliquid,

162 3998 222 4072 vel
238 3998 284 4071 ab
301 4021 345 4071 eo
364 3995 463 4094 quod
481 3995 638 4069 habetur
648 4024 663 4080 ;
694 4009 732 4069 et
753 3997 932 4095 siquidem
950 3997 1096 4088 habeat,
1115 3999 1205 4096 quid
1333 4000 1336 4004 ’

155 4113 210 4186 sit
227 4110 326 4208 quod
342 4108 450 4182 tabet
459 4137 474 4193 ;
500 4110 558 4183 sin
574 4109 768 4197 habeatur,
786 4135 810 4184 a
826 4136 899 4209 quo
910 4111 1078 4185 habetur.
1109 4112 1205 4186 Quae

161 4225 287 4299 omnia
299 4236 384 4297 sunt
401 4224 537 4320 inepta.

213 4337 261 4412 A.
287 4339 371 4412 Vox
387 4338 451 4412 illa
467 4338 696 4413 habitudinis
713 4364 736 4412 a
750 4339 915 4415 formulis
932 4339 1106 4437 loquendi
1124 4352 1205 4415 orta
