2888 4988
278 399 353 466 438
418 412 473 467 nn
492 411 725 467 nnrncrrua
743 412 796 466 ar
814 412 1180 468 nartocrnamonn

84 608 153 655 orn.
169 608 245 650 xvn.
329 580 511 654 Numerat
524 580 726 655 duodecem
736 579 809 654 alia
819 603 957 676 genera
968 580 1154 654 rationum
1164 580 1328 676 Pappus,

80 677 241 797 ὦ
280 717 438 790 quorum
456 693 529 767 duo
548 693 759 769 considerat
775 694 816 768 in
833 693 1107 769 Commentario
1117 693 1167 768 ad
1183 691 1269 767 Dei.
1289 701 1328 765 6.

80 804 251 863 ww*
278 807 395 882 Elem.
413 831 448 897 v,
463 805 629 882 Clarius:
646 807 832 898 nimirum,
845 808 1028 882 rationem
1040 806 1328 894 arithmeticam,

80 869 124 914 sita
132 867 210 913 clarit

280 931 319 1007 et
351 920 533 994 rationem
563 920 817 996 harmonicam
850 922 926 996 sive
959 921 1149 995 musicam.
1200 920 1328 1017 Atque

279 1033 521 1108 arithmeticae
543 1034 692 1130 quidem
720 1034 811 1109 satis
833 1034 929 1109 bene
955 1036 1129 1110 convenit
1156 1033 1328 1107 definitio

278 1147 434 1221 rationis
451 1145 590 1220 tradita
606 1147 653 1222 ab
671 1147 835 1223 Euclide.
887 1148 985 1221 Nam
1001 1148 1227 1245 quantitates
1241 1146 1329 1221 duae

279 1283 436 1356 quarum
453 1283 529 1334 una
554 1259 709 1335 alteram
737 1272 888 1359 superat
916 1262 1122 1359 quantitate
1149 1260 1330 1335 determi-

279 1383 379 1462 nata,
397 1373 536 1447 habent
552 1374 649 1448 inter
665 1398 705 1448 se
721 1372 976 1448 habitudinem
993 1372 1178 1471 quandam
1195 1397 1329 1447 secun·

280 1487 370 1560 dnm
383 1487 642 1582 quantitatem.
682 1487 792 1561 Ratio
809 1499 933 1561 antem
951 1511 1061 1581 quam
1073 1486 1331 1560 harmonicam

279 1611 427 1690 vocant,
462 1612 520 1674 est
550 1599 728 1674 habitudo
759 1600 926 1696 quaedam
961 1625 1038 1674 non
1069 1601 1226 1674 duarum
1261 1601 1332 1674 sed

281 1713 395 1788 trium
412 1712 721 1810 magnitudinum.
773 1715 830 1788 De
847 1725 1003 1812 utraque
1028 1714 1116 1788 satis
1142 1715 1261 1788 multa
1287 1725 1331 1786 et

280 1827 472 1924 ingeniosa
488 1827 601 1900 habet
618 1826 777 1901 Clarius.
829 1827 939 1900 Ratio
956 1837 1081 1901 antem
1094 1827 1332 1901 arithmetica

281 1940 412 2015 eadem
435 1951 503 2028 est,
522 1963 606 2012 cnm
635 1952 774 2036 quanto
802 1941 923 2037 prima
948 1954 1099 2038 superat
1126 1941 1331 2014 secundam

280 2054 340 2127 vel
356 2052 403 2127 ab
421 2077 465 2126 ea
481 2063 687 2150 superatur,
703 2064 809 2127 tanto
826 2053 990 2127 secunda
1006 2066 1156 2150 superat
1178 2055 1332 2127 tertiam

282 2167 341 2239 vel
358 2166 405 2241 ab
425 2190 469 2240 ea
486 2179 692 2263 superatur.
745 2165 820 2241 Sed
836 2167 930 2241 ratio
954 2167 1172 2241 harmonica
1196 2166 1333 2240 eadem

282 2291 351 2368 est,
370 2279 517 2376 qnando
535 2291 710 2354 extremae
727 2290 815 2354 sunt
831 2281 930 2354 inter
953 2304 992 2354 se
1009 2291 1052 2354 ut
1068 2280 1289 2354 differentia
1308 2304 1334 2354 a
1427 2345 1430 2348 ,

282 2393 405 2469 media
422 2405 590 2490 sumptae,
607 2396 726 2491 major
752 2408 918 2468 extrema
943 2394 993 2468 ad
1019 2395 1198 2490 majorem
1221 2394 1332 2468 diffe-

282 2507 454 2596 rentiam,
472 2518 510 2580 et
527 2506 647 2581 minor
664 2506 712 2580 ad
728 2508 920 2582 minorem.

333 2620 493 2694 Putasne
519 2621 559 2694 in
584 2619 667 2694 aliis
694 2619 856 2695 scientiis
874 2621 992 2716 majus
1008 2632 1202 2717 peccatum
1224 2620 1332 2693 inve-

281 2734 355 2806 niri
373 2757 493 2830 posse,
511 2758 622 2830 quam
639 2744 696 2807 est
712 2734 751 2806 in
767 2734 971 2830 geometria
988 2756 1063 2805 non
1085 2744 1187 2807 recte
1211 2735 1334 2830 expli-

283 2871 385 2920 casse
426 2846 517 2943 quid
558 2847 606 2921 sit
642 2845 763 2920 ratio?
847 2847 940 2922 Quis
984 2847 1142 2943 scriptor
1183 2847 1333 2920 ethicus

282 2984 371 3034 usus
398 2974 455 3034 est
482 2959 695 3034 definitione
721 2958 806 3033 boni
834 2985 911 3034 non
940 2961 1049 3050 bona,
1073 2961 1132 3033 vel
1154 2960 1332 3057 politicus

283 3074 496 3147 definitione
504 3074 609 3170 juria
625 3073 783 3149 vitiosa?
834 3075 1010 3148 Attamen
1028 3074 1193 3171 ejusdem
1215 3075 1332 3148 estin

282 3189 489 3284 geometria
505 3189 681 3262 momenti
705 3187 869 3264 definitio
896 3190 1051 3263 rationis
1079 3193 1183 3286 cujus
1207 3201 1264 3262 est
1289 3189 1331 3262 in

285 3299 453 3374 doctrina
466 3301 588 3376 ethica
601 3300 767 3375 definitio
782 3300 878 3392 boni,
892 3313 931 3376 et
947 3302 986 3375 in
998 3301 1151 3398 politica
1162 3300 1331 3376 definitio

275 3413 410 3510 juris!

283 3574 286 3579 -
334 3527 490 3616 Deinde,
508 3527 608 3624 quod
631 3527 722 3601 dicit
746 3527 903 3617 Clarius,
920 3529 1199 3625 proportionem
1227 3527 1331 3601 illam

284 3642 325 3714 in
347 3640 465 3714 tribus
487 3641 661 3731 numeris,
688 3642 752 3714 nbi
777 3643 896 3737 major
919 3653 1168 3716 extremorum
1198 3653 1254 3714 est
1281 3641 1332 3714 ad

286 3755 467 3828 minorem
483 3767 528 3827 ut
551 3754 759 3828 differentia
782 3755 931 3850 majoris
949 3768 987 3829 et
1013 3755 1125 3828 medii
1151 3755 1199 3828 ad
1226 3753 1332 3826 diffe-

285 3868 442 3941 rentiam
460 3867 572 3940 medii
589 3878 627 3942 et
639 3867 804 3956 minoris,
823 3891 901 3940 esse
912 3868 1089 3941 musicam
1104 3892 1167 3941 seu
1185 3868 1330 3940 harmo-

285 3981 425 4054 nicam:
451 3991 589 4053 temere
608 3980 748 4054 dictum
766 3991 834 4053 est.
869 3981 951 4053 “ln
969 3981 1062 4071 his’'‚
1080 3981 1210 4077 inquit,
1228 3986 1251 4018 “
1263 4004 1330 4052 nu·

285 4095 395 4166 meris
418 4102 453 4166 6.
470 4103 506 4166 4.
519 4102 554 4180 3,
574 4104 629 4166 est
651 4105 694 4165 ut
716 4101 740 4165 6
758 4093 807 4166 ad
824 4102 859 4182 3,
877 4093 930 4165 ita
948 4103 983 4182 2,
1003 4093 1210 4167 differentia
1237 4094 1331 4166 duo-

286 4230 368 4279 rum
384 4209 579 4302 majornm‚
589 4206 637 4279 ad
656 4217 686 4296 l,
701 4205 947 4280 differentiam
962 4207 1117 4280 duorum
1132 4207 1330 4280 minorum.

287 4319 472 4393 Quoniam
501 4332 625 4392 autem
643 4327 666 4391 6
685 4331 724 4394 et
741 4329 764 4393 3
782 4320 923 4395 faciunt
944 4322 1222 4395 consonantiam
1250 4319 1330 4394 dia·
