2888 5002
386 456 668 510 Psonnuueru
687 455 880 509 curarat.
1081 442 1152 508 341

157 618 206 695 B.
233 621 333 697 Quia
341 633 476 720 puteus
487 623 695 721 profundus
707 635 765 697 est
775 623 893 697 instar
904 623 1006 696 urcei
1017 624 1155 720 magni,

109 736 213 831 cujus
241 737 472 833 superficiem
499 736 675 810 extimam
699 734 830 810 radere
846 759 910 809 aer
926 759 1002 810 non
1018 747 1155 834 potest,

108 848 181 921 nisi
207 859 319 938 terra,
347 874 420 947 qua
449 848 688 924 circundatus
714 860 772 922 est
800 872 944 942 urceus,
972 849 1080 923 valde
1106 850 1156 924 sit

109 962 316 1058 spongiosa.

159 1075 209 1150 Α.
236 1077 311 1150 Cur
327 1100 403 1150 non
420 1077 639 1173 congelatur
654 1075 794 1166 vinum,
812 1075 907 1149 sicut
923 1075 1045 1170 aqua?

160 1188 209 1262 B.
234 1190 359 1263 Etiam
371 1190 498 1264 vinum
516 1189 782 1286 congelabitur,
797 1188 828 1262 si
843 1187 961 1284 frigus
980 1212 1155 1285 magnum

109 1301 158 1375 sit
185 1315 224 1376 et
251 1302 478 1378 diuturnum.
532 1302 606 1376 Sed
641 1314 762 1376 motus
792 1301 960 1375 internus
992 1304 1155 1399 partium

107 1414 195 1504 vini,
213 1416 311 1490 sicut
334 1428 373 1490 et
399 1416 601 1490 multorum
625 1415 783 1489 aliorum
808 1415 1005 1511 liquorum,
1023 1416 1155 1490 fortior

108 1539 176 1613 est,
195 1530 290 1602 etin
307 1529 509 1626 majoribus
534 1528 692 1618 circulis
711 1552 821 1624 quam
847 1541 971 1601 motus
992 1529 1154 1624 partium

108 1666 238 1738 aquae:
266 1655 305 1716 et
333 1655 530 1741 propterea
552 1643 673 1716 minus
689 1642 797 1716 facile
822 1641 1037 1729 indurescit,
1059 1665 1154 1738 prae-

108 1756 236 1828 sertim
262 1780 377 1853 usque
403 1757 451 1830 ad
476 1768 659 1830 centrum.
710 1757 838 1830 Partes
856 1755 956 1829 enim
971 1754 1048 1827 vini
1065 1778 1153 1850 qua-

107 1891 191 1941 rum
208 1881 265 1943 est
282 1882 405 1943 motus
422 1869 484 1942 illc
500 1869 618 1957 fortis,
635 1870 820 1965 recipiunt
842 1893 881 1942 se
907 1868 956 1942 ad
972 1879 1153 1941 centrum.

108 1981 194 2055 Vini
211 1995 335 2057 autem
353 1983 454 2080 quod
471 1982 546 2056 illic
563 1992 632 2071 est,
645 1982 787 2078 reliquo
806 1981 1014 2078 congelat0,
1030 1980 1154 2054 fortis-

109 2095 242 2169 simum
260 2094 340 2170 est'

534 2414 729 2424 ——

539 2672 643 2746 CAP.
659 2673 723 2746 VI.

160 2872 442 2925 PROBLRMATA
460 2873 515 2924 DE
534 2870 704 2938 Puuvlt,
723 2873 878 2941 VENTO,
897 2873 1098 2934 ALIISQUE

427 2972 533 3026 COELI
553 2973 880 3027 VARIRTATIBUS.

159 3117 210 3191 A.
238 3116 353 3192 Qum
371 3115 535 3212 pluviam
551 3115 675 3205 efficit,
693 3125 730 3188 et
747 3114 961 3210 quomodo?

160 3229 209 3302 B.
238 3230 385 3304 Motum
401 3228 496 3302 aeris
510 3228 674 3325 (qualem
690 3239 777 3302 aute
796 3228 1004 3326 descripsi),
1017 3251 1155 3302 conan-

107 3353 184 3416 tem
218 3342 267 3416 ad
298 3342 461 3440 partium
496 3341 591 3416 aeris
622 3341 917 3439 diremptionem,
947 3341 1154 3416 necessario

1208 647 1278 688 cer.
1292 648 1323 689 v.

1196 716 1340 751 s-r-ae

1215 777 1249 822 Dc
1258 778 1315 822 duro

1213 849 1236 886 ct
1245 842 1314 887 molli.

108 3455 276 3552 sequitur
315 3466 472 3529 conatus
509 3464 710 3551 perpetuus
747 3455 849 3552 (quia
882 3456 985 3529 locus
1017 3478 1155 3529 vacuus
1266 3453 1269 3460 ’

107 3568 232 3641 nullus
259 3568 331 3662 est)
359 3567 523 3642 omnium
547 3568 708 3663 partium
730 3568 928 3641 fluidarum
958 3593 1040 3665 quae
1067 3581 1155 3642 sunt

107 3681 146 3754 in
173 3680 365 3777 superficie
396 3680 551 3770 telluris,
569 3680 618 3754 ad
644 3680 707 3753 illa
733 3681 816 3754 loca
842 3682 1046 3778 supplenda
1071 3706 1154 3779 quae

107 3794 245 3891 alioqui
271 3805 395 3868 essent
411 3817 540 3867 vacua.
593 3793 693 3867 Hinc
718 3795 774 3884 fit,
791 3805 834 3868 ut
851 3795 964 3868 maris
981 3805 1019 3868 et
1044 3805 1154 3868 terrac

106 3921 232 4005 partes
257 3906 485 3980 fluidissimae
511 3917 549 3980 ct
579 3907 835 3981 minutissima
860 3919 1053 4004 surgentes
1078 3908 1155 3982 aeri

108 4046 149 4097 se
165 4021 419 4094 immisceant:
447 4043 529 4115 quae
547 4019 712 4093 collectae
728 4022 824 4094 fiunt
841 4022 970 4095 nubes,
1010 4021 1154 4094 Harum

107 4161 193 4234 pars
227 4135 389 4208 maxima
422 4132 508 4206 inde
536 4133 654 4207 oritur
680 4133 744 4207 ubi
774 4137 936 4208 maxima
962 4144 1020 4208 est
1048 4157 1154 4229 aquae

108 4250 309 4347 quantitas,
343 4247 530 4333 nimirum,
561 4249 781 4343 apartibus
810 4248 940 4322 oceani
974 4247 1154 4337 maximis,

108 4389 192 4459 quae
222 4374 310 4437 sunt
332 4385 433 4436 marc
461 4359 642 4452 Indicum,
660 4386 761 4437 mare
779 4362 963 4451 Australe,
989 4372 1027 4436 et
1053 4383 1157 4437 mara
