2888 4988
273 401 344 466 344
548 412 827 465 naonunuara
846 413 1040 468 causton.
1113 369 1115 372 Α

98 606 224 649 cmx-1.
272 580 325 653 sic
342 578 545 668 deseendit,—
561 580 642 653 fieri
665 603 740 652 uon
760 590 884 676 potest
907 581 996 677 quin
1017 604 1140 655 aerem
1163 591 1254 655 ante
1277 603 1320 654 se

84 675 229 707 57*
645 693 652 708 ι

58 717 389 804 1„,„„,‚,„,0,usque
416 693 462 767 ad
486 694 716 788 superficiem
742 703 851 766 terrae
877 694 1071 790 propellat,
1090 706 1128 768 et
1150 716 1279 767 rursus
1296 717 1320 765 a

57 811 371 922 ggfflflwterra
388 806 588 902 repellatur
605 805 702 879 idem
720 829 803 878 aer:
822 805 920 879 unde
932 819 1061 881 ventos
1072 807 1153 881 fieri
1165 829 1319 880 necesse

271 932 327 993 est
345 943 649 1016 quaquaversum,
667 919 730 1015 qui
748 919 863 992 nubes
877 920 966 994 alias
983 920 1022 993 iu
1036 943 1128 1017 quas
1146 919 1321 993 incidunt

268 1032 488 1130 propellent.

320 1143 368 1217 Α.
394 1148 497 1220 Esto.
550 1144 624 1218 Sed
646 1143 801 1218 nubium
828 1156 951 1219 motus
975 1144 1103 1219 tardus
1127 1145 1318 1243 quomodo

271 1273 400 1333 ventos
418 1259 530 1332 efficit
546 1270 623 1332 tam
641 1256 813 1330 veloces?

321 1370 368 1444 B.
397 1372 483 1445 Nou
506 1372 615 1445 unius
641 1382 707 1444 aut
735 1371 891 1445 duarum
914 1372 1080 1457 nubium,
1097 1373 1164 1447 sed
1181 1374 1318 1448 multa-

270 1509 353 1559 rum
379 1485 596 1582 plerumque
619 1496 657 1558 et
684 1508 902 1581 magnarum
930 1486 1082 1560 effectus
1108 1499 1167 1560 est
1182 1502 1318 1561 ventus

270 1622 437 1695 magnus.
490 1600 684 1688 Praeterea,
708 1598 808 1672 facto
831 1599 910 1694 jam
932 1605 1054 1689 vento,
1081 1599 1229 1696 cogitur
1251 1624 1317 1673 aer

271 1713 471 1808 saepissime
488 1713 526 1786 in
543 1712 626 1786 loca
650 1713 809 1786 nubibus
833 1713 911 1808 jam
934 1724 1250 1786 antecameram:
1277 1726 1318 1787 et

270 1837 469 1922 propterea
484 1837 677 1899 ventorum
700 1826 755 1899 vis
782 1825 829 1899 ab
857 1827 1029 1924 angustia
1055 1826 1127 1900 loci
1155 1827 1317 1900 maxime

271 1949 439 2035 augetur.

322 2052 371 2124 A.
399 2052 477 2125 Cur
500 2051 636 2125 Auster
666 2050 782 2148 magis
805 2075 915 2148 quam
941 2051 1004 2125 alii
1030 2051 1129 2125 venti
1153 2050 1318 2148 pluviam

269 2163 418 2238 adfert?

320 2276 367 2351 B.
396 2278 470 2352 Ubi
496 2278 550 2351 sol
580 2291 636 2352 cst
657 2278 945 2374 potentissimus,
968 2291 1007 2352 et
1027 2278 1143 2351 maria
1165 2277 1315 2373 amplis-

270 2392 374 2480 sima,
405 2391 444 2464 id
474 2404 541 2479 cst,
572 2391 611 2464 in
641 2392 806 2488 partibus
826 2403 936 2466 terrae
963 2392 1149 2488 (respectu
1176 2392 1313 2484 nostri)

270 2505 505 2594 australibus,
523 2505 575 2577 ibi
592 2504 750 2600 plurima
777 2514 834 2576 cst
855 2504 894 2576 in
912 2528 997 2577 aere
1013 2527 1121 2600 aqua,
1139 2527 1249 2600 quam
1266 2503 1316 2577 ad

270 2641 339 2691 nos
366 2617 510 2691 adferre
538 2617 637 2690 solus
660 2618 797 2690 Auster
823 2627 958 2712 potest.
1009 2617 1148 2689 Verum
1177 2616 1315 2690 imbres

270 2755 423 2828 magnos
440 2731 516 2805 vidi
543 2732 655 2805 etiam
681 2729 880 2827 aliquando
904 2741 1052 2804 aventu
1079 2730 1231 2819 boreali,
1248 2729 1315 2804 sed

270 2843 309 2917 iu
327 2856 475 2918 aestate:
492 2845 544 2919 ita
560 2856 603 2918 ut
620 2845 737 2917 nubes
750 2842 831 2915 illas
845 2842 973 2915 allatas
986 2842 1089 2940 prius
1103 2842 1149 2915 ab
1164 2842 1314 2931 Austro,

270 2970 307 3033 et
324 2957 567 3055 praeterlatas,
584 2971 756 3052 putarem
772 2980 796 3029 a
813 2955 934 3029 Borea
949 2956 1084 3030 relatas
1102 2979 1196 3029 esse.

321 3073 371 3147 Α.
397 3072 484 3145 Vidi
511 3070 710 3167 aliquando
733 3070 913 3166 navigans
934 3069 1051 3142 undas
1078 3069 1259 3165 ingentes,
1277 3080 1315 3143 et

270 3209 443 3282 magnam
473 3186 584 3258 maris
612 3183 903 3273 concussionem,
927 3206 1013 3256 cum
1039 3196 1163 3256 tamen
1191 3182 1315 3256 nullus

270 3301 420 3372 omnino
439 3301 692 3396 perciperetur
708 3308 852 3371 ventus.

320 3411 368 3487 B.
395 3413 497 3488 Quid
514 3423 637 3487 autem
654 3408 892 3508 paulopost?

319 3527 366 3599 A.
393 3528 590 3626 Plusquam
606 3526 800 3613 voluimus,
818 3523 1018 3619 procellam
1038 3523 1239 3618 ingentem,
1257 3520 1314 3594 id-

271 3665 342 3739 que
360 3642 458 3714 intra
475 3642 596 3715 minus
611 3664 720 3737 quam
739 3649 907 3735 quartam
924 3648 1068 3733 partem
1086 3637 1200 3709 horae.

320 3754 367 3829 B.
395 3755 439 3828 Id
466 3768 532 3844 cst,
560 3767 692 3826 ventus
722 3765 809 3825 ante
837 3750 1020 3838 veniebat,
1055 3761 1138 3845 post
1172 3747 1312 3821 aderat.

270 3870 487 3942 Venientem
522 3881 645 3940 autem
679 3866 868 3962 percipere
901 3889 976 3936 nou
1011 3862 1193 3959 potuistis
1226 3861 1313 3956 quia

269 3995 389 4055 motus
417 3983 511 4055 acris
536 3980 722 4066 tendebat,
740 3992 892 4074 propter
910 3977 1125 4050 descensum
1147 3973 1312 4061 nubium,

269 4096 459 4168 deorsum:
478 4095 540 4190 qui
559 4117 621 4166 aer
638 4093 684 4165 ab
703 4115 798 4188 aqua
815 4091 1073 4162 reflectebatur
1091 4111 1247 4177 sursum,
1262 4099 1312 4173 et,

269 4209 386 4281 donec
414 4208 556 4279 vicinus
591 4216 682 4290 erat,
713 4228 824 4300 supra
853 4202 946 4276 vela.
1000 4203 1129 4298 Itaque
1161 4215 1312 4275 ventum

269 4347 342 4395 nou
362 4322 535 4409 sentiens,
555 4344 627 4392 nou
647 4342 723 4392 esse
742 4317 987 4390 existimabas
