2888 4988
268 397 341 464 348
543 386 822 469 vnouuuuava
842 416 1035 471 vnvsrcn.

80 603 223 708 Q
265 604 401 677 aquam
419 582 530 656 maris
547 595 588 658 et
602 583 796 658 fluminum
813 586 1000 683 congelari
1018 585 1107 659 dixi.
1146 584 1314 660 Guttulae

52 734 255 794 ffip1„„1,‚„„10‚
265 706 390 778 autem
408 695 461 768 sic
477 697 682 793 congelatae
699 708 786 772 sunt
802 699 878 772 nix.

51 799 254 911 fflffussoel'*
316 808 366 881 A.
395 809 591 884 Quomodo
614 835 704 908 ergo
728 812 972 907 congelantur
996 824 1115 908 guttae
1142 814 1314 909 majores,

263 923 423 996 maxime
441 948 529 997 vero
546 936 714 1021 tempore
730 925 872 1015 aestivo,
890 926 930 999 in
947 925 1191 1023 grandinem?

315 1035 364 1108 B.
392 1036 573 1110 Inaestate
587 1037 746 1111 maxime
759 1038 943 1134 contingit
955 1048 998 1112 ut
1011 1038 1128 1112 nubes
1138 1048 1313 1111 constent

263 1170 309 1221 ex
332 1149 502 1222 maximis
519 1149 647 1245 guttis,
665 1163 782 1244 utque
798 1150 960 1225 maxima
977 1151 1086 1247 copia
1102 1174 1207 1248 aquae
1236 1149 1312 1223 ele-

261 1273 382 1336 vetur.
417 1263 548 1359 Itaque
561 1264 681 1357 spatio
698 1264 796 1337 inter
813 1276 953 1338 terram
969 1275 1008 1337 et
1022 1264 1138 1337 nubes
1151 1264 1312 1337 arctiore

261 1372 372 1465 facto,
399 1387 522 1450 motus
549 1377 645 1450 aeris
672 1388 778 1451 tanto
812 1377 856 1451 fit
881 1377 1064 1450 velocior:
1090 1388 1129 1450 et
1154 1375 1313 1473 proinde

260 1499 388 1583 guttas
415 1488 496 1562 illus
523 1490 696 1586 congelat
718 1513 795 1563 nou
820 1489 860 1562 in
886 1489 975 1585 ipsis
1002 1489 1173 1577 nubibus,
1195 1488 1262 1562 sed
1287 1513 1313 1561 a

260 1601 420 1675 nubibus
431 1601 616 1676 cadentes.
653 1602 734 1676 Nec
747 1616 873 1676 tamen
883 1612 982 1676 totas
994 1603 1176 1699 congelat,
1192 1601 1313 1698 (quod

261 1713 418 1788 cadendi
436 1714 610 1811 exignum
629 1727 774 1813 tempus
801 1739 879 1789 non
904 1715 1076 1812 patitur),
1094 1714 1160 1788 sed
1182 1714 1222 1787 iu
1248 1738 1313 1788 su-

259 1828 410 1924 perficie
435 1839 602 1902 tantum:
639 1840 681 1902 ut
708 1829 945 1902 manifestum
971 1843 1039 1918 est,
1065 1851 1111 1901 ex
1137 1850 1181 1901 eo
1207 1827 1312 1923 quod

261 1940 379 2015 multo
396 1965 507 2036 quam
523 1942 660 2038 glacies
678 1955 744 2016 aut
761 1943 824 2016 nix
841 1942 950 2016 citius
967 1940 1172 2037 liquefiunt.

312 2054 349 2127 Α
354 2111 363 2127 .
391 2054 466 2128 Cur
482 2080 557 2129 non
570 2055 769 2151 aliquando
781 2057 912 2144 nubes,
924 2055 1036 2129 etiam
1050 2054 1277 2151 integraegra
1291 2102 1309 2114 -

261 2166 441 2263 vidaeque,
471 2170 716 2266 congelantur
749 2170 788 2242 in
823 2192 935 2271 unam
968 2191 1143 2266 magnam
1174 2168 1310 2266 glaciei

262 2281 425 2355 molem?

311 2393 359 2467 B.
387 2395 456 2484 Ita,
474 2393 598 2484 credo,
616 2394 859 2492 congelantur
876 2395 1020 2492 quoties
1035 2405 1154 2469 tonat.

311 2506 362 2580 A.
390 2506 464 2580 Sed
482 2530 596 2603 quare
613 2509 667 2580 ita
684 2507 832 2582 credis?

309 2620 362 2694 B.
388 2620 544 2716 Propter
573 2621 696 2716 ipsum
725 2644 868 2711 sonum,
896 2621 959 2717 qui
987 2622 1136 2718 proprie
1155 2620 1309 2720 fragor

262 2734 422 2808 dicitur:
449 2758 579 2808 sonum
597 2734 693 2825 dicu,
712 2735 857 2831 qualem
874 2735 987 2808 efficit
1004 2734 1162 2808 duorum
1175 2758 1309 2830 corpo·

259 2871 344 2922 rum
362 2847 557 2922 diffractio.
609 2847 684 2923 uui
700 2848 826 2945 fragor
839 2846 1023 2944 quomodo
1036 2849 1117 2922 fieri
1133 2848 1250 2945 possit
1266 2847 1307 2922 iu

261 2984 417 3059 corpore
434 2985 511 3035 non
529 2961 633 3052 duro,
651 2962 860 3059 intelligere
876 2985 951 3034 non
969 2984 1130 3059 possum.

310 3075 361 3148 A.
389 3075 481 3164 lmo,
492 3075 611 3172 pulvis
628 3075 690 3149 ille
707 3099 817 3172 quem
834 3076 1023 3172 appellant
1038 3099 1169 3149 aurum
1180 3074 1309 3148 fulmi-

259 3209 364 3276 nans,
382 3187 502 3261 mollis
520 3198 586 3261 est.
639 3189 816 3262 Attamen
839 3188 870 3262 si
895 3188 1125 3285 aequabiliter
1148 3188 1306 3278 calefiat,

259 3298 444 3396 fragorem
462 3300 538 3375 edit
552 3301 706 3375 similem
720 3301 887 3375 tonitrui.

312 3413 361 3489 B.
389 3414 463 3488 Sed
479 3413 673 3510 pulvisculi
689 3413 786 3488 illius
798 3414 990 3512 particulae
1007 3414 1161 3512 singnlae
1174 3437 1242 3512 per
1253 3437 1307 3504 sc,

259 3548 326 3599 cur
342 3550 418 3599 non
434 3536 589 3622 possunt
605 3549 685 3599 esse
702 3525 815 3617 durae,
829 3527 900 3601 etsi
916 3537 1018 3601 totus
1032 3527 1199 3601 cumulus
1211 3525 1306 3600 mol-

257 3637 304 3710 lis
329 3638 399 3712 sit:
425 3637 735 3735 quemadmodum
759 3663 881 3714 arenae
907 3663 1060 3713 acervus
1086 3639 1209 3713 mollis
1235 3649 1304 3727 est,

259 3775 467 3849 quanquam
484 3776 641 3850 granum
660 3754 739 3849 ejus
755 3751 1044 3849 unumquodque
1062 3751 1196 3825 durum
1220 3753 1303 3826 est?

258 3863 360 3938 Sales
377 3866 541 3938 omnium
558 3889 737 3962 generum
755 3865 890 3938 similes
909 3878 996 3938 sunt
1012 3865 1156 3960 glaciei,
1175 3877 1213 3940 et
1229 3866 1304 3939 fra-

257 3978 349 4073 giles
367 3990 408 4051 ut
432 3979 580 4075 glacies.
631 3980 753 4052 Etiam
780 3990 824 4051 ut
845 3980 911 4051 fiat
938 4003 1067 4051 aurum
1090 3978 1302 4069 fulminans,

260 4089 468 4165 dissolvitur
486 4115 616 4164 aurum
635 4117 705 4188 ope
728 4091 817 4164 nitri
843 4105 881 4164 et
905 4093 1032 4165 salium
1059 4092 1238 4165 aliorum:
1266 4104 1303 4165 et

258 4228 415 4299 granum
433 4204 722 4301 unumquodque
739 4206 820 4278 auri
833 4203 1062 4278 fulminantis
1075 4228 1142 4301 per
1153 4229 1203 4294 se,
1216 4206 1247 4278 si
1263 4206 1304 4280 iu

259 4318 384 4412 ignem
411 4318 611 4415 injiciatur,
638 4318 808 4415 crepitat,
833 4317 872 4390 id
896 4332 964 4410 est,
988 4319 1146 4416 fragoris
1170 4343 1302 4393 sonum
