2888 4988
112 616 179 656 CAP.
190 617 253 659 XXI.

300 413 371 479 452
442 426 495 479 nu
515 422 745 483 nnrnorrns
765 431 816 483 ar
835 431 1197 486 naurocruarrona

296 593 403 667 lineae
420 618 625 687 commune,
644 620 770 670 omnes
795 596 867 671 illae
883 609 1081 694 tangentes
1102 622 1259 674 numero
1281 599 1343 671 in-

104 684 261 803 ῃῖᾙμῖυ,
296 705 410 780 finitae
428 708 654 782 constituent
671 709 790 806 ipsum
806 733 933 783 arcum
951 711 1062 784 ABC.
1115 712 1166 787 At
1182 712 1213 787 si
1233 712 1271 786 B
1290 711 1344 784 sit

103 811 155 856 dinc
164 812 242 858 circuli

102 875 244 936 unnim

297 832 406 894 extra
433 821 621 911 circutum,
645 823 811 920 quamvis
839 823 910 920 ipsi
936 825 1162 921 contiguum,
1188 823 1342 899 chordae

297 932 375 1022 AB,
390 932 453 1007 BC
465 935 642 1008 secabunt
657 934 834 1008 circulum
852 958 928 1009 non
945 935 982 1009 in
998 937 1127 1011 eodem
1144 949 1285 1035 puncto
1300 937 1342 1010 in

297 1070 370 1144 qao
389 1059 534 1122 secatur
551 1072 574 1121 a
590 1059 692 1122 recta
709 1049 782 1139 FB,
796 1048 861 1122 sed
878 1051 1072 1147 utrobique
1090 1050 1184 1125 citra
1202 1051 1339 1149 ipsum.

296 1160 417 1234 Docet
441 1160 540 1234 anim
570 1160 741 1236 Euclides
772 1162 890 1259 (prop.
916 1173 952 1237 2.
975 1164 1092 1238 Elem.
1110 1164 1166 1259 iii)
1196 1177 1341 1237 rectam

297 1272 359 1347 CB
374 1285 491 1347 totam
510 1297 588 1347 esse
605 1274 703 1349 intra
720 1275 910 1365 circulum,
928 1286 967 1350 ct
987 1276 1108 1375 (prop.
1130 1285 1187 1352 16.
1204 1276 1261 1351 El.
1280 1275 1337 1370 iii)

295 1395 511 1482 tangentem
527 1410 607 1461 asse
624 1399 741 1462 totam
758 1398 863 1462 extra
875 1387 1065 1463 circulum.
1116 1387 1340 1487 Itaquenul·

296 1498 333 1573 la
353 1511 456 1573 recta
478 1511 615 1598 praeter
641 1501 701 1574 FB
724 1501 883 1575 transire
910 1512 1034 1599 potest
1063 1525 1130 1599 per
1145 1525 1274 1575 areum
1301 1512 1341 1574 et

295 1620 510 1708 tangentem
526 1613 574 1686 ad
590 1613 689 1686 idem
701 1625 881 1709 punctum
897 1614 939 1703 B,
953 1637 1084 1711 nempe
1098 1614 1146 1688 ad
1157 1626 1342 1710 puuctum

298 1726 397 1824 quod
416 1738 550 1801 vocant
567 1736 767 1818 contactus,
786 1728 858 1800 nisi
874 1727 1022 1825 utrique
1035 1727 1142 1802 lineae
1159 1727 1341 1801 attribua-

151 1938 157 1951 υ
296 1850 359 1912 tur
374 1838 531 1913 latitudo
549 1839 680 1937 aliqua.

347 1953 477 2050 Itaque
503 1953 597 2028 falso
621 1977 708 2026 usus
734 1952 915 2050 principio
941 1952 1024 2042 hoo,
1050 1961 1231 2051 punctam
1255 1975 1342 2025 case

297 2065 401 2157 niatt,
413 2078 498 2162 post
514 2066 648 2140 multas
666 2065 997 2140 demonstrationes
1014 2066 1150 2155 intulit,
1165 2064 1340 2160 Merea-

298 2179 389 2252 tiam
423 2180 519 2252 inter
552 2178 702 2253 tertiam
725 2188 877 2278 partem
908 2202 1019 2252 arcus
1048 2177 1271 2276 quadrantis
1301 2185 1342 2249 et

298 2292 487 2383 chordam,
513 2291 567 2364 ad
581 2290 831 2387 dffercatiam
859 2291 959 2365 inter
974 2291 1150 2365 chordam
1175 2289 1342 2386 ejusdem

298 2405 423 2478 tertia
443 2405 573 2503 partia
598 2414 638 2478 et
661 2404 779 2477 sinam
795 2404 876 2500 ejus
896 2403 989 2497 (sive
1015 2402 1250 2482 semiradium
1266 2401 1342 2475 oir-

299 2517 387 2612 culi)
403 2519 578 2614 majorem
594 2516 729 2590 habere
746 2517 926 2591 rationem
942 2541 1052 2615 qaam
1069 2525 1091 2589 4
1110 2515 1165 2589 ad
1179 2525 1219 2589 ³:
1239 2514 1343 2613 quod

298 2654 373 2705 non
386 2655 517 2728 parum
530 2631 723 2705 coufirmat
740 2631 778 2704 id
792 2630 890 2726 quod
903 2631 1062 2704 refutare
1072 2630 1198 2704 voluit.
1227 2629 1342 2705 Quod

299 2757 424 2818 autem
444 2744 569 2818 intulit
595 2755 734 2817 rectam
758 2743 998 2840 compositam
1022 2768 1045 2816 a
1068 2742 1172 2816 radio
1190 2754 1228 2815 et
1255 2754 1342 2815 tan-

298 2871 410 2955 gente
428 2865 476 2931 30
494 2857 675 2954 graduum
698 2858 875 2953 majorem
901 2880 979 2930 esse
1004 2880 1093 2930 arcu
1110 2855 1340 2953 quadrantis

300 2971 475 3068 deceptus
492 2970 593 3060 feeit,
612 2994 656 3044 eo
676 2969 775 3065 quod
790 2980 939 3066 putaret
955 2969 1100 3043 radium
1117 2969 1245 3042 circuli
1262 2993 1341 3042 non

300 3086 479 3158 minorem
497 3106 701 3180 essequam
719 3107 801 3180 quae
818 3084 864 3156 ab
882 3083 1013 3157 eodem
1036 3093 1165 3157 centro
1182 3081 1231 3155 ad
1257 3092 1346 3156 tan-1

300 3208 447 3294 gentem
466 3197 623 3287 ducitur,
643 3221 725 3294 quae
742 3206 797 3270 est
814 3207 918 3270 extra
938 3197 1127 3269 circulum.
1179 3194 1341 3269 Consule

300 3311 420 3407 ipsum
438 3311 533 3384 illius
549 3312 694 3402 librum,
714 3311 817 3406 eujus
830 3309 920 3382 mihi
938 3309 1135 3407 exemplar,
1153 3308 1241 3382 dum
1257 3308 1342 3382 haeo

301 3422 433 3510 sariba,
451 3423 576 3497 deest:
595 3446 675 3513 neo,
693 3423 725 3497 si
741 3423 897 3512 adesset,
912 3422 1242 3497 demonstrationes
1260 3422 1342 3518 ejus

301 3536 492 3610 commode
507 3536 569 3609 hic
586 3536 929 3611 transcriberentur.

689 3968 792 4042 CAP.
822 3968 946 4042 XXII.

576 4129 629 4182 DE
658 4128 862 4181 SECTIONE
882 4128 1056 4182 ANGULI.

298 4235 552 4308 Ruvnnrnaa
571 4234 618 4306 ad
635 4233 861 4330 diagramma
875 4234 1013 4330 Capitis
1028 4258 1087 4306 xx.

348 4347 390 4421 Iu
408 4348 470 4420 illo
484 4348 761 4446 diagrammate,
776 4348 824 4421 sit
842 4348 950 4421 datus
965 4370 1071 4421 arcus
1084 4344 1264 4419 trifariam
1283 4369 1337 4420 se·

294 4460 434 4534 candus
454 4461 515 4533 Ba.
