2888 4988
287 413 358 481 404
427 427 480 479 ou
499 427 728 480 numerous
748 429 799 480 nn
819 427 1178 482 usmocmamoun

106 621 174 662 cm.
189 619 255 661 vm.
285 595 400 690 j0rem
419 593 582 690 ejusdem
598 596 754 692 generis.
806 595 1079 693 Appellabimus
1102 605 1226 668 autem
1252 593 1328 666 hoc

107 688 249 806 m
288 729 404 802 genus
432 708 569 804 anguli,
599 707 774 806 angulum
797 709 965 806 genitum
993 734 1041 782 ec
1070 706 1329 794 circulatione,

290 819 365 892 sive
393 830 498 891 motu
527 819 696 893 circulari
723 820 826 895 radii.
889 822 1017 919 Itaque
1051 821 1171 894 ideam
1198 817 1330 915 anguli

289 932 399 1028 hujus
415 933 559 1028 generis
577 934 778 1030 perfectam
794 933 920 1008 habes.
973 935 1154 1008 Caeterum
1173 933 1221 1006 ad
1239 932 1330 1005 defi-

290 1045 467 1118 nitionem
480 1047 557 1140 ejus
573 1045 787 1142 legitimam,
803 1046 1058 1143 investiganda
1070 1046 1170 1142 prius
1183 1069 1228 1118 ea
1240 1055 1331 1117 sunt

292 1181 375 1254 quae
392 1157 461 1253 ipsi
478 1168 563 1231 sunt
580 1158 798 1232 essentialia.

342 1271 502 1345 Primum
517 1282 583 1360 est,
601 1283 644 1344 ut
662 1272 710 1344 sit
728 1281 916 1367 quantum.
968 1272 1051 1344 Hoc
1069 1283 1192 1345 autem
1209 1268 1331 1342 mani-

291 1384 425 1459 festum
443 1395 510 1473 est,
534 1408 580 1457 ex
597 1408 641 1457 eo
659 1383 759 1480 quod
786 1384 880 1457 alter
897 1384 1013 1458 altero
1029 1386 1149 1481 major
1166 1408 1244 1458 esse
1260 1407 1331 1480 po-

291 1505 384 1570 test:
410 1508 452 1570 ut
468 1496 622 1593 angulus
640 1495 737 1570 ΒΑΟ
753 1498 872 1593 major
887 1507 942 1570 est
958 1496 1093 1594 angulo
1111 1496 1227 1570 ΒΑΗ.

343 1609 525 1698 Secundo,
543 1610 631 1706 quia
647 1609 772 1707 anguli
796 1609 914 1699 BAH,
935 1610 1018 1683 ΕΑΙ
1046 1610 1202 1706 aequales
1230 1617 1329 1696 sunt,

294 1722 360 1796 sed
375 1745 494 1818 neque
512 1733 620 1796 rectae
635 1723 711 1813 AB,
726 1723 803 1812 ΑΕ,
829 1746 949 1819 neque
970 1723 1082 1820 plana
1099 1722 1218 1812 ΒΑΗ,
1231 1721 1329 1810 ΒΑΙ,

294 1836 449 1933 aequulia
465 1849 561 1924 sunt,
580 1848 723 1909 certum
740 1846 797 1908 est
814 1835 915 1932 quod
936 1836 1096 1910 essentia
1111 1834 1237 1931 anguli
1253 1858 1330 1907 non

295 1949 463 2022 consistit
486 1972 604 2045 neque
630 1949 671 2022 in
692 1949 898 2046 quantitate
921 1949 1100 2022 linearum
1117 1949 1249 2045 quibus
1277 1947 1330 2019 in·

296 2059 469 2149 cluditur,
485 2085 604 2158 neque
629 2061 668 2135 in
687 2061 891 2158 quantitate
915 2063 1187 2158 superficierum
1211 2061 1331 2148 ΒΑΗ,

294 2174 402 2249 ΕΑΙε
428 2197 546 2270 neque
574 2174 729 2272 denique
757 2174 925 2248 consistit
954 2174 1111 2249 essentia
1138 2174 1263 2271 anguli
1293 2173 1334 2246 in

295 2285 547 2384 magnitudine
561 2311 712 2360 arcuum
726 2285 808 2376 BH,
819 2287 882 2377 ΕΙ,
895 2311 978 2360 cum
988 2288 1112 2384 anguli
1126 2287 1195 2383 ipsi
1212 2310 1332 2383 aequa·

296 2400 348 2474 les
365 2400 450 2491 siut,
469 2424 575 2474 arcus
591 2400 747 2498 aequales
764 2424 838 2474 non
856 2401 941 2474 sint.

350 2514 423 2588 Ubi
441 2537 528 2611 ergo
546 2515 771 2588 inveniemus
787 2515 1034 2611 aequalitatem
1054 2513 1165 2603 illam,
1183 2523 1335 2610 propter

302 2652 410 2724 quam
424 2628 581 2723 aequales
599 2628 771 2701 dicuntur
787 2627 860 2701 duo
877 2629 1003 2725 anguli
1021 2627 1139 2716 ΒΑΗ,
1155 2626 1266 2700 EAI?

351 2740 433 2814 Duo
451 2740 576 2836 anguli
593 2740 804 2830 ΒΑΗ,ΒΑΙ
830 2741 988 2837 aequalcs
1008 2752 1199 2825 vocantur,
1222 2762 1336 2836 prop-

300 2865 403 2927 terea
419 2854 518 2950 quod
534 2854 690 2950 aequales
707 2865 793 2927 sunt
814 2867 948 2950 partes
967 2853 1043 2927 sive
1061 2854 1182 2950 potius
1205 2851 1337 2924 eadem

301 2990 398 3063 pars,
416 2966 531 3039 totius
549 2965 836 3040 circumlationis
860 2967 966 3040 radii.
1019 2967 1112 3040 Sunt
1136 2966 1233 3038 enim
1260 2964 1336 3036 duo

302 3101 408 3151 arcus
426 3078 495 3151 BH
514 3089 552 3151 et
567 3078 617 3150 EI
641 3077 731 3151 facti
757 3103 779 3150 a
801 3091 904 3152 motu
926 3079 1030 3168 radii,
1048 3079 1123 3152 sive
1140 3078 1232 3152 recti
1259 3077 1337 3149 sive

303 3192 417 3279 curvi,
436 3190 501 3263 ΑΒ
526 3190 655 3263 eodem
679 3201 857 3286 tempore.
909 3192 1039 3288 Itaque
1057 3191 1246 3288 aequalitas
1271 3213 1337 3262 an-

303 3303 473 3400 gulorum
489 3304 598 3399 hujus
624 3304 768 3400 generis
786 3304 951 3377 consistit
968 3305 1006 3377 in
1024 3304 1235 3400 aequalitate
1250 3326 1337 3399 par-

302 3421 395 3494 tium
408 3420 584 3517 temporis
601 3420 639 3492 in
653 3444 725 3516 quo
736 3420 926 3493 circulatio
941 3430 1021 3493 tota
1030 3420 1123 3493 radii
1136 3420 1336 3515 perficitur.

303 3534 426 3629 Atque
442 3533 529 3606 hino
546 3544 612 3622 est,
630 3557 698 3606 nec
720 3532 878 3621 aliunde,
897 3532 996 3628 quod
1012 3544 1092 3605 tum
1108 3532 1234 3628 anguli
1257 3545 1337 3605 tum

304 3656 474 3735 sectores,
499 3645 537 3718 in
561 3646 690 3720 eodem
717 3647 853 3719 circulo
871 3646 1019 3743 sumpti,
1037 3657 1123 3719 sunt
1146 3647 1185 3718 in
1209 3645 1337 3718 eadem

303 3761 446 3835 ratione
460 3784 544 3832 cum
562 3761 635 3833 suis
651 3761 818 3833 arcubus.

355 3873 480 3946 Habes
498 3895 586 3968 ergo
609 3884 778 3946 naturam
804 3873 929 3969 anguli
949 3898 995 3944 ec
1013 3871 1256 3945 circulatione
1271 3896 1338 3970 ge·

231 3988 232 3991 ’
304 3986 384 4074 niti,
403 4009 546 4080 nempe,
565 3986 716 4059 eandem
732 4011 815 4059 cum
832 4002 965 4060 natura
982 3985 1240 4059 circulationis.
1292 3986 1340 4057 Et

305 4099 460 4195 angulus
478 4100 557 4193 ipse
575 4111 631 4170 est
654 4122 739 4194 pars
765 4100 1013 4173 circulationis
1038 4099 1162 4173 totius.
1213 4100 1261 4171 Et
1281 4120 1339 4169 ar-

306 4234 383 4299 cus,
407 4222 444 4283 ct
471 4210 596 4305 anguli
625 4212 692 4300 sui,
716 4212 844 4284 eadem
871 4223 926 4284 est
949 4212 1143 4307 quantitas.
1195 4211 1339 4283 Nomen

308 4335 432 4396 autem
449 4324 572 4420 anguli
591 4325 692 4398 arcui
710 4325 837 4399 datum
855 4337 921 4415 est,
940 4336 1090 4422 propter
1116 4324 1230 4399 lineas
1245 4347 1340 4419 quae,
