2888 4988
9 754 23 1085 ξ

382 415 405 478 l
596 425 866 478 axssrrxarro
887 424 938 476 su
956 425 1205 477 nusxnarro

197 622 349 665 mames
384 595 432 668 ab
459 593 626 690 ligyptiis
648 593 830 682 didicisse,
856 593 991 666 author
1014 606 1070 666 est
1095 593 1259 666 historiae
1288 595 1424 666 veteris

199 703 344 804 ..ξω

385 708 628 803 transcriptor
659 706 842 780 Diodorus
877 707 1032 794 Siculus,
1064 707 1103 778 in
1133 705 1295 779 secunda
1319 720 1425 802 parte

385 821 468 894 libri
478 821 587 917 primi
598 821 651 892 sic
662 821 847 892 scribens:
876 817 1070 892 Chaldaos
1083 818 1195 891 etiam
1208 818 1345 907 dicuat,
1359 819 1426 916 qui

384 934 423 1005 in
442 932 633 1029 Babylone
652 943 738 1005 suat
762 931 881 1006 coloni
898 932 1164 1030 Egyptioram,
1183 941 1346 1029 propter
1362 957 1425 1004 aa·

384 1046 585 1146 trologiam
598 1046 795 1132 celebrari,
811 1071 920 1143 qaam
931 1071 956 1118 a
969 1044 1227 1118 sacerdotibus
1239 1044 1425 1143 Egyptiis

384 1159 605 1232 didiemat.
657 1160 750 1235 Quis
767 1161 847 1233 haec
864 1159 1103 1232 conciliabit?

435 1269 483 1344 Β.
507 1273 631 1346 Etiam
647 1273 852 1345 Wallisium
870 1271 1045 1344 credibile
1061 1283 1129 1359 est,
1147 1272 1225 1366 ejus
1248 1271 1348 1366 quod
1363 1272 1424 1344 hic

386 1384 488 1472 dicit,
505 1385 695 1458 authorem
713 1386 884 1458 habuisse
897 1384 1233 1479 historiographum
1247 1384 1423 1480 aliquem;

386 1522 471 1570 nam
484 1497 678 1572 dissentire
690 1497 1042 1572 intersehistoricos
1053 1495 1259 1568 mirandum
1269 1521 1343 1570 non
1356 1513 1424 1572 est.

436 1609 483 1683 A.
505 1610 560 1683 lit
568 1622 717 1711 preter
732 1613 843 1684 uaria
860 1609 1086 1682 theoremata
1098 1609 1146 1681 de
1158 1633 1248 1681 nouo
1265 1610 1424 1702 inventa,

386 1724 474 1821 epea
491 1725 695 1797 inveniendi
711 1723 900 1797 methodus
916 1721 1305 1818 multumfaeilitatur.
1357 1723 1425 1796 At

384 1836 523 1934 gebrae,
540 1863 682 1936 nempe,
698 1839 776 1910 sine
790 1834 989 1931 analytica
1008 1858 1097 1906 usus
1120 1834 1223 1907 altra
1241 1860 1347 1931 qaam
1364 1838 1426 1932 qai

387 1949 571 2022 celeribus
588 1951 756 2036 innotuit,
761 1951 845 2044 jam
863 1948 1067 2020 innotescit.

440 2061 486 2131 B.
514 2062 694 2137 Quaenam
721 2075 808 2135 sunt
829 2060 892 2133 illa
913 2060 1143 2133 theoremata
1164 2084 1261 2134 nova
1277 2085 1344 2158 per
1362 2063 1426 2135 Al-

386 2175 537 2270 gebram
554 2174 731 2248 inventa?

439 2289 487 2362 A.
513 2288 692 2384 Intelligit
709 2287 864 2360 sortasse
881 2311 935 2375 ea,
955 2310 1037 2382 quae
1054 2298 1141 2360 sunt
1162 2288 1199 2360 iu
1218 2287 1425 2383 Ougthredi

387 2399 499 2473 Clare
524 2400 796 2474 Mathematica.
851 2399 925 2472 Sed
950 2411 1073 2472 tamen
1101 2399 1217 2472 multa
1246 2400 1316 2473 illis
1343 2401 1425 2497 pul-

386 2513 532 2588 chriora
548 2514 586 2586 in
603 2514 698 2586 libro
716 2514 872 2609 septimo
890 2513 1004 2609 Puppi
1028 2525 1168 2602 extant,
1192 2514 1341 2586 iuventa
1358 2537 1425 2610 per

384 2626 583 2723 algebram,
614 2627 683 2700 etsi
714 2628 793 2698 sine
829 2626 1002 2722 symbolis
1043 2625 1296 2700 demonstrata
1336 2629 1423 2700 sint.

385 2740 459 2813 Sed
475 2741 641 2814 neutrius
657 2740 885 2812 theoremata
902 2740 974 2811 alia
991 2751 1078 2813 sunt
1101 2764 1211 2836 quam
1235 2764 1315 2836 quae
1336 2764 1425 2812 con-

384 2852 548 2925 tinentur
560 2855 598 2926 in
610 2852 778 2925 doctriua
791 2852 1086 2948 rectangulorum
1103 2866 1141 2926 et
1154 2854 1424 2950 triangulorum

384 2966 670 3039 rectilineornm.
722 2966 867 3038 Falsum
885 2967 997 3038 etiam
1015 2977 1083 3052 est,
1101 2967 1200 3062 quod
1217 2967 1278 3039 ille
1291 2967 1423 3055 innuit,

385 3078 571 3174 algebram
588 3091 627 3151 et
639 3078 860 3175 analyticam
878 3078 1032 3151 eandem
1046 3102 1123 3151 esse
1137 3103 1226 3151 rem.
1278 3079 1424 3151 Falsum

384 3190 487 3279 item,
514 3191 699 3287 algebram
726 3191 941 3264 methodum
970 3214 1049 3264 esse
1078 3191 1298 3265 inveniendi.
1351 3192 1424 3265 Sed

385 3304 466 3378 haec
483 3305 663 3400 posterius
678 3306 868 3401 magisque
891 3328 958 3377 suo
975 3305 1056 3376 loco
1074 3305 1425 3378 examinabimus.—

386 3417 624 3490 Astronamia
666 3418 812 3490 eximiis
854 3418 1011 3490 iaceatis
1044 3417 1424 3491 instauratur-Nu-

385 3542 505 3602 merat
532 3530 604 3603 hoc
638 3530 732 3620 looo,
765 3529 1052 3603 obseruatione-m
1087 3531 1284 3603 stellarum
1319 3531 1424 3603 eirea

385 3641 511 3716 «Ionem
524 3673 539 3727 ,·
576 3644 677 3716 Solis
705 3643 896 3728 oraculas,
930 3644 1086 3716 Saturni
1113 3644 1290 3727 aasalae;
1319 3642 1424 3716 Jovis

370 3756 556 3852 sarciam
591 3757 707 3829 Lance
738 3757 990 3855 asperitatem.
1043 3757 1115 3830 Sed
1148 3757 1237 3854 quid
1266 3757 1346 3830 haec
1375 3755 1424 3829 ad

384 3870 570 3967 algebram
585 3869 598 3942 i
649 3871 707 3944 Ne
720 3894 743 3943 a
754 3883 945 3966 geometra
957 3869 1118 3966 quidem,
1133 3883 1198 3941 aut
1211 3882 1423 3942 astronomo

384 3983 472 4072 ullo,
501 3984 649 4056 inventa
676 3983 756 4055 haec
779 3995 876 4073 sunt,
904 3983 969 4055 sed
997 3983 1043 4055 ab
1068 3983 1240 4056 illiterato
1263 3982 1423 4078 quodam

385 4097 536 4170 Batavo.
588 4096 683 4169 Nam
702 4096 766 4183 illi,
784 4095 843 4167 cui
863 4095 1027 4168 inventio
1048 4095 1205 4168 debetur
1221 4095 1423 4192 telescopii,

385 4209 538 4283 debetur
555 4232 701 4305 quoque
725 4207 885 4281 detectio
908 4208 1096 4280 stellarum
1114 4208 1322 4297 Jovialium,
1347 4233 1424 4281 ma-

382 4323 545 4397 cularum
567 4321 753 4411 solarium,
776 4322 839 4394 dcc.
892 4320 1026 4394 Nonne
1044 4334 1083 4393 et
1101 4321 1167 4393 tibi
1186 4322 1239 4394 sic
1256 4320 1422 4396 videtur?
