2888 5002
383 423 960 478 unrnunarrcnuonmnun.
1115 408 1184 490 147

144 589 272 664 stratio
290 589 338 662 sit
354 589 531 686 legitima.
584 590 684 686 Lego
712 591 809 663 euim
833 589 1032 686 symbolica
1054 591 1184 666 istaut
1223 626 1373 666 annosus

142 703 248 799 pueri
267 703 483 792 Homerum,
499 703 629 799 quibus
642 701 690 775 ad
701 702 845 798 singula
857 703 1035 777 vocabula
1047 704 1184 778 adeun-
1225 706 1368 808 L

143 816 231 890 dum
249 828 306 889 est
322 816 477 890 lexicon.
535 814 631 889 Illud
656 825 779 888 autern
797 815 903 888 AR4
928 839 975 888 ne
1002 817 1040 890 in
1066 817 1184 891 lexico

144 929 292 1024 quidem
309 941 379 1001 est.

193 1042 243 1115 A.
270 1041 326 1116 Sit
344 1041 492 1139 quidem
507 1065 595 1114 vera
612 1039 890 1114 demonstratio.
911 1099 914 1105 ,
932 1041 983 1115 At
1000 1043 1185 1138 quomodo

141 1153 333 1227 transferri
349 1165 472 1250 potest
492 1153 540 1227 ad
565 1152 872 1250 proportionales
891 1177 974 1249 quae
1001 1179 1070 1229 nec
1100 1181 1187 1231 con·

141 1268 259 1341 tinuae
276 1280 374 1356 sunt,
388 1291 457 1341 nec
475 1267 513 1339 in
526 1265 653 1339 eadem
669 1265 762 1339 serie
773 1266 1042 1357 continuarum,
1058 1269 1185 1364 quales

142 1377 1187 1468 sunt22422326‚ve13:9::4:12;ubidistantiiset

141 1492 323 1567 indicibus
340 1492 442 1566 locus
468 1490 644 1565 nonest?
695 1490 881 1564 Nondum¹
901 1515 1002 1587 ergo·
1018 1495 1185 1590 proposi-

141 1606 280 1680 tionem
300 1606 399 1678 illam
417 1604 534 1697 (Eucl.
552 1604 601 1677 vi.
620 1606 677 1698 16)
695 1603 971 1677 demonstravit.
1036 1644 1039 1648 ι

190 1720 241 1793 B.
268 1718 476 1793 Redeamus
497 1717 545 1791 ad
569 1717 690 1814 Caput
715 1741 824 1806 xxxv,
850 1718 949 1791 unde
976 1717 1112 1791 frustm
1129 1718 1184 1792 di-

141 1834 258 1929 gressi
275 1855 411 1906 sumus.

192 1946 241 2018 A.
267 1946 346 2019 Imo
372 1945 620 2019 transiliamus
638 1958 677 2016 et
697 1942 800 2031 illud,
831 1957 869 2017 et
898 1944 1118 2041 proximum
1132 1945 1186 2021 illi

142 2060 265 2131 xxxvi.
323 2058 444 2133 Credo
463 2058 560 2132 enim
577 2058 816 2131 Elementum.
827 2057 994 2153 quintum
1009 2065 1056 2131 ex'
1068 2060 1185 2156 hypo-

142 2172 250 2261 thesi,
269 2196 379 2269 quam
396 2172 457 2245 ille
475 2171 683 2268 assumpsit,
695 2182 759 2243 aut
777 2183 875 2244 recte
893 2170 1185 2246 demonstratum

143 2308 235 2374 esse,
252 2296 317 2358 ant
334 2285 366 2357 si
382 2283 514 2358 vitium
532 2282 680 2380 aliquod
697 2284 899 2379 irrepserit
914 2296 1050 2381 praeter
1066 2286 1184 2382 ipsam

143 2397 380 2494 scriptionem
397 2397 743 2493 symbolicam'non
768 2396 865 2469 illius
888 2397 1092 2493 imperitiae,
1119 2399 1183 2472 sed

142 2512 374 2608 typographo
386 2511 445 2584 vel
462 2510 718 2607 transcripturi
735 2508 970 2582 tribuendum
989 2524 1083 2584 esse
1117 2513 1185 2587 Est

142 2635 267 2696 antem
286 2623 411 2719 Caput
426 2623 540 2696 xxxvi
570 2621 732 2720 ejusdem
751 2621 889 2718 Capitis
914 2646 1011 2695 xxxv
1028 2624 1185 2721 brachy-

143 2736 415 2833 stenographia
482 2736 601 2833 Caput
634 2734 759 2808 xxxvii
786 2735 936 2807 unicum
957 2735 1077 2809 jhabet
1099 2761 1184 2834 pro-

141 2847 264 2921 blema
279 2848 363 2937 hoc,
386 2848 490 2921 datie
505 2846 635 2921 tribua
648 2846 995 2945 proportionalibus
1021 2848 1184 2922 iuvenire

140 2971 319 3058 quartum.
327 2989 341 3045 ;
361 2985 449 3058 *quae
463 2973 518 3035 est
532 2961 674 3057 Regula
681 2961 815 3034 Aurea
835 2961 947 3058 Cujus
958 2961 1184 3058 constructio

141 3073 222 3148 haec
245 3085 326 3158 est;
355 3074 501 3146 tertius
517 3072 784 3171 multiplicetur
803 3098 881 3172 per
910 3076 1184 3165 secuudum-et

135 3187 351 3284 productus.
375 3186 568 3259 dividatur
586 3211 672 3284 per.
684 3187 859 3284 primum.
912 3190 1130 3280 Qnaevera‘
1146 3204 1184 3265 et

141 3300 253 3396 vulgo
287 3309 436 3397 recepta
470 3312 538 3375 est.
605 3301 869 3373 Demonstrans
903 3317 1041 3376 autem,
1060 3304 1183 3396 sumit,

142 3412 243 3508 quod
259 3413 387 3510 Capite
409 3438 481 3486 xxv
499 3414 580 3487 loco
595 3413 816 3487 definitionis
833 3415 934 3489 nullo
948 3419 1031 3514 jure
1044 3418 1184 3507 hahuit,

141 3526 204 3599 udi
246 3527 444 3624 quatientes
485 3536 569 3599 aunt
602 3526 779 3624 (equuleo,
811 3526 865 3600 ibi
883 3529 1185 3609 'rationeseuut

142 3639 304 3718 eoedem:
331 3650 369 3713 et
383 3638 445 3712 ubi
461 3640 626 3737 qrwtieua
643 3641 764 3736 major
782 3650 851 3730 est,
862 3640 916 3715 ibi
928 3644 1048 3739 major
1064 3645 1184 3730 ruti0;

141 3751 205 3825 udi
220 3752 351 3843 minor,
369 3757 510 3848 minor.»
1080 3821 1083 3827 .

195 3865 244 3940 B.
272 3867 312 3940 Si
346 3867 421 3940 siut
463 3865 535 3939 duo
578 3867 787 3962 quotientes
822 3868 991 3964 aquales,
1026 3871 1186 3968 exempli

142 3985 264 4068 cansa,
282 3985 493 4075 numero&
507 3979 570 4075 qui
585 3992 652 4052 est
675 3981 845 4076 quotiens
869 3981 1042 4056 divisi'20
1059 4006 1125 4079 per
1150 3993 1185 4071 5,

142 4092 293 4189 Qualis
310 4093 364 4165 sit
376 4102 413 4182 4,
440 4092 608 4187 quotiens
632 4091 738 4167 dirisi
760 4102 803 4166 12
822 4094 1077 4191 peraedicit
1098 4119 1186 4190 ergo

143 4216 166 4281 4
184 4206 233 4280 ad
251 4216 271 4279 4
292 4229 372 4279 esse
389 4204 434 4278 in
446 4204 573 4279 eadem
591 4204 758 4292 ration'e;
775 4208 884 4303 rquod
907 4233 982 4283 non
1009 4206 1186 4303 intelligo,

1021 4343 1073 4392 na
1148 4349 1178 4387 r
