2888 4988
288 393 362 460 408
438 405 492 458 nu
513 406 741 458 nurucrans
762 406 813 458 nr
832 402 1192 457 aaarocmarronn

109 600 177 640 cnr.
193 600 235 642 ιι.
290 573 465 647 terminos
492 573 581 647 alios
611 596 685 646 non
719 573 854 645 habere
884 585 1129 668 praetcrquam
1162 568 1324 665 longitu-

289 687 397 772 dinis
413 700 452 760 et
477 699 672 783 propterca
698 686 854 781 figuram
881 709 955 758 non
986 709 1075 759 esse.
1128 680 1325 758 Quomodo

288 823 376 895 ergo
394 799 568 872 differunt
586 800 684 872 inter
701 822 740 871 se
758 798 840 872 duae
857 797 964 872 lincae
981 799 1096 871 finitae
1112 795 1324 893 inaequales,

104 669 247 695 §.w-‚d

116 729 238 790 Dafignrs.

288 936 441 1008 quarum
458 913 573 985 altera
590 924 701 1000 recta,
713 912 829 984 altera
846 935 958 984 curva
975 923 1040 1000 cst,
1052 912 1083 984 si
1098 934 1173 984 non
1187 907 1324 1006 figura?

287 1025 471 1099 Differunt
489 1026 587 1099 enim
603 1024 797 1122 plusquam
814 1024 1054 1121 longitudine.

337 1138 511 1211 Definitio
546 1136 862 1234 decimaquinta:
893 1138 1066 1212 Circulos
1101 1146 1160 1210 eat
1181 1137 1322 1234 figura

280 1250 403 1349 plana
419 1249 485 1322 aab
502 1276 574 1323 uno
591 1250 688 1323 linea
707 1250 978 1348 comprehensa,
994 1276 1072 1348 qum
1094 1247 1324 1349 peripheria

285 1362 511 1462 appellatur,
526 1364 564 1437 in
578 1389 682 1461 quom
697 1363 744 1436 ab
757 1389 827 1436 uno
834 1374 975 1460 puncto
990 1388 1112 1437 eoram
1127 1387 1204 1459 qaoe
1221 1362 1324 1433 intra

271 1477 446 1573 figuram
471 1485 556 1548 eunt
576 1476 719 1573 posito,
750 1476 922 1548 caedentes
948 1500 1069 1549 ornnes
1086 1484 1199 1548 rectae
1217 1473 1325 1546 linea

286 1590 383 1662 inter
395 1598 529 1661 serunt
546 1588 719 1685 aquales.
759 1589 880 1663 (luam
898 1612 974 1661 non
989 1586 1237 1684 reprehendo:
1258 1585 1325 1660 scd

284 1726 421 1798 quaero,
433 1703 562 1799 primo,
575 1725 686 1798 quare
703 1701 819 1774 latera
832 1701 956 1775 omnia
969 1701 1077 1775 simul
1091 1724 1172 1798 quae
1185 1701 1324 1774 consti-

284 1827 393 1888 tuunt
404 1815 581 1888 ambitum
596 1814 861 1911 polygoni,non
872 1838 974 1910 aeque
987 1837 1061 1888 una
1069 1814 1167 1886 linea
1180 1824 1267 1885 sunt
1278 1837 1323 1886 ac

283 1927 480 2023 perimeter
497 1929 623 2000 circuli
640 1959 649 2010 ς
680 1928 742 2024 qui
761 1925 918 2000 circulus
935 1927 1161 2022 polygonum
1178 1927 1322 1999 censeri

282 2051 402 2135 potest
419 2040 574 2113 laterum
592 2064 745 2112 numero
764 2038 1002 2112 infinitorum.
1054 2039 1094 2111 Si
1112 2037 1236 2112 dicant
1254 2038 1325 2111 dif-

282 2151 478 2226 ferentiam
491 2153 689 2226 consistere
700 2153 738 2225 in
751 2176 795 2224 eo
809 2150 909 2248 quod
927 2149 1000 2224 duo
1017 2151 1133 2224 latera
1145 2150 1323 2247 polygoni

282 2288 357 2337 non
374 2267 511 2339 habent
527 2277 704 2361 punctum
717 2288 911 2338 commune
929 2264 975 2337 ad
993 2288 1056 2337 eos
1075 2287 1166 2360 quos
1178 2264 1323 2337 faciunt

282 2378 446 2473 angulos,
471 2378 565 2451 sicut
591 2378 731 2451 habent
758 2377 830 2451 duo
861 2377 1015 2473 quilibet
1045 2401 1152 2450 arcus
1179 2376 1322 2464 circuli,

281 2491 521 2587 acquiescam.
575 2491 760 2563 Caeterum
789 2490 820 2563 si
847 2491 900 2562 ita
927 2489 1066 2579 dicant,
1094 2488 1244 2564 videant
1272 2514 1322 2564 an

280 2614 423 2692 ἀκρίβειαν
437 2602 536 2675 illam
553 2601 812 2699 propositionis
829 2606 889 2690 47,
907 2601 1023 2675 Elem.
1040 2601 1066 2690 i,
1083 2624 1158 2674 non
1176 2602 1320 2691 tollant,

280 2717 340 2789 cui
367 2716 526 2788 maxima
541 2739 625 2812 pars
643 2714 855 2810 geometria
872 2714 1055 2788 innititur.
1109 2714 1243 2789 Quaero
1262 2739 1321 2788 se·

281 2830 414 2918 cund0,
425 2853 491 2902 cur
505 2852 579 2901 non
593 2829 759 2902 definivit
773 2827 950 2900 circulum
968 2852 989 2900 a
1003 2826 1320 2902 circumductione

279 2943 384 3029 radii,
402 2953 444 3015 ut
461 2940 624 3014 definivit
644 2941 822 3038 sphaeram
840 2966 863 3014 a
879 2941 1192 3014 circumductione
1210 2941 1319 3014 semi-

279 3054 428 3138 circuli;
455 3078 539 3127 nam
568 3054 709 3149 potuit:
737 3066 774 3125 et
802 3053 932 3125 fuisset
963 3051 1128 3127 definitio
1158 3052 1220 3125 illa
1254 3053 1319 3126 de-

279 3166 431 3240 claratio
448 3167 695 3263 generationis
712 3166 852 3256 circuli,
870 3180 909 3240 et
925 3191 991 3264 per
1008 3167 1108 3240 illam
1125 3168 1206 3240 haec
1228 3166 1318 3240 defi-

278 3280 370 3353 nitio
389 3280 630 3353 demonstrari
646 3280 806 3353 breviter
825 3280 1015 3376 potuisset.
1069 3282 1112 3355 In
1129 3280 1187 3354 his
1204 3281 1318 3378 igitur

278 3391 551 3467 definitionibus
568 3395 794 3489 reprehendo
811 3410 861 3477 τὴν
882 3409 1036 3478 σκαιότητα.

336 3509 510 3584 Definitio
545 3510 728 3583 tricesima
762 3522 915 3607 quarta:
956 3508 1163 3583 Parallelae
1204 3520 1316 3584 rectae

275 3619 382 3694 linere
409 3632 506 3712 soret,
532 3649 614 3720 quea
641 3649 720 3696 cum
747 3625 785 3696 in
811 3624 937 3697 eodem
961 3623 1037 3696 siat
1057 3622 1187 3721 plano,
1206 3633 1244 3696 et
1268 3650 1316 3697 ea

275 3744 432 3832 atraque
451 3746 569 3833 parte
595 3736 633 3808 in
662 3737 841 3830 irfiaitum
861 3737 1134 3835 producantur,
1162 3736 1200 3808 ia
1228 3762 1314 3810 neu·

275 3858 373 3921 tram
391 3849 465 3921 sibi
482 3859 602 3922 maluo
620 3850 811 3922 incident:
837 3875 924 3922 vera
941 3851 1088 3948 quidem
1107 3860 1163 3922 est
1179 3874 1314 3947 propo·

275 3963 372 4050 sitio,
407 3987 481 4034 non
513 3975 636 4034 autem
662 3963 758 4035 bona
787 3963 962 4036 definitio.
1015 3964 1120 4036 Bona
1148 3963 1313 4038 definitio

275 4077 490 4172 ingenerare
521 4076 628 4148 debet
659 4077 836 4149 auditoris
862 4078 985 4149 animo
1012 4077 1132 4149 ideam
1158 4077 1313 4172 paralle-

274 4189 380 4275 lismi,
399 4190 520 4277 idest,
540 4190 830 4285 aequidistantiae.
883 4191 933 4262 At
956 4190 993 4261 in
1011 4190 1080 4263 hac
1099 4189 1312 4263 definitione

274 4326 320 4373 ne
338 4326 412 4376 una
428 4303 577 4399 quidem
596 4328 665 4376 vox
684 4318 741 4376 est
758 4328 840 4399 quac
867 4303 1049 4399 significat
1075 4314 1140 4377 aut
1163 4303 1311 4399 aequali·
