2888 5002
463 1363 557 1446 AD
612 1362 897 1458 REGEM,
968 1291 973 1299 ·

109 1931 222 2003 Fano
257 1929 305 2003 ad
334 1941 384 2019 te,
418 1932 684 2028 potentissime,
716 1933 957 2021 serenissime,
992 1930 1129 2028 optime
1161 1931 1252 2021 Rex,

107 2078 380 2178 humillimeqne
414 2083 540 2171 offero,
574 2083 804 2180 problemata
836 2080 1006 2179 quiedam
1039 2102 1122 2152 mea
1154 2079 1254 2152 eirca

108 2228 262 2303 Naturae
290 2231 546 2321 Pbaenomena‚
572 2256 649 2306 non
671 2232 782 2306 modo
810 2231 873 2304 illa
899 2253 981 2327 quae
1010 2228 1057 2302 ab
1084 2227 1254 2301 omnibus

106 2379 294 2453 observari
310 2381 440 2470 solent,
458 2382 523 2455 sed
541 2382 651 2456 etiam
680 2381 743 2455 illa
765 2381 837 2455 alia
860 2404 943 2477 quae
970 2379 1017 2452 ab
1044 2378 1254 2453 hominibus

107 2529 305 2625 ingeniosis
335 2553 402 2626 per
428 2543 546 2604 artem
574 2543 612 2605 et
638 2531 827 2604 machinas
854 2530 1063 2627 nuperrime
1091 2528 1255 2602 exhibita

109 2693 216 2756 sunt:
245 2681 527 2755 meditationum
544 2707 709 2757 mearum
725 2682 961 2779 physicarum
977 2692 1121 2778 partem
1138 2680 1254 2753 maxi-

108 2858 206 2906 mam
221 2847 259 2906 et
275 2834 614 2931 probabilissimam.

160 2984 302 3080 Redegi
331 2995 454 3057 autem
481 3007 536 3074 ea,
560 2983 699 3057 ordinis
729 3006 852 3072 causa,
876 2980 925 3054 ad
951 2978 1075 3077 capita
1101 2989 1253 3075 septem.

109 3154 138 3221 1,
156 3132 213 3206 De
227 3133 426 3207 Gravitate.
455 3155 501 3222 11,
519 3133 575 3207 De
588 3133 751 3207 AEstibus
768 3131 935 3206 Morinis.
963 3152 1028 3220 111,
1047 3127 1252 3203 DeVaouo.

109 3306 167 3373 ιν,
185 3283 241 3357 De
257 3285 400 3358 Calore.
453 3308 492 3374 v,
510 3284 565 3358 De
583 3284 685 3357 Duro
703 3297 740 3358 et
762 3284 879 3358 Molli.
931 3306 988 3372 vr,
1007 3282 1064 3356 De
1079 3283 1254 3378 Tempes-

109 3436 246 3508 tatibus
280 3437 400 3510 Aeris.
463 3458 538 3524 v11,
566 3435 622 3509 De
656 3436 808 3510 diversis
843 3437 1016 3511 Motunm
1044 3434 1253 3533 generibus.

110 3588 253 3663 Quibus
270 3586 418 3683 adjecta
435 3599 490 3661 est
509 3586 719 3685 Duplioatio
734 3587 843 3660 Cubi.

158 3741 343 3838 Principia
368 3741 531 3837 physica,
550 3763 626 3814 non
643 3751 686 3814 ut
703 3739 933 3814 definitiones
951 3751 990 3812 et
1006 3738 1193 3811 axiomata
1215 3736 1254 3809 in

107 3895 378 3980 mathematica,
408 3893 613 3968 certissima
645 3905 743 3984 sunt,
777 3892 843 3967 sed
881 3901 1026 3965 tantum
1053 3889 1253 3985 supposita

107 4045 270 4118 Effectus
288 4044 386 4117 enim
405 4043 557 4120 Naturae
580 4044 677 4118 idem
703 4045 792 4141 quin
809 4068 832 4117 a
850 4041 931 4114 Deo
950 4040 1103 4112 Naturae
1126 4038 1254 4113 eondi-

107 4207 188 4271 tore
206 4197 329 4271 multis
347 4196 465 4271 modis
483 4196 640 4271 conduci
656 4195 830 4293 potuerit,
848 4192 940 4266 nihil
953 4191 1136 4288 prohibet.
