2888 4988
292 409 366 475 490
569 425 851 484 Quuuuuruuu
871 426 1057 479 crucum.

151 618 197 657 ⁰¹³·
341 615 526 697 Quoniam
554 639 643 713 ergo
667 618 764 691 AVP
791 630 914 691 sector
947 617 1094 692 additus
1123 616 1332 690 sectoribus

290 727 433 801 duobus
452 730 562 820 ACV,
577 731 681 820 Apu,
698 731 789 804 facit
806 732 992 827 integrum
1012 741 1192 805 sectorem
1210 730 1334 815 acm

290 842 401 915 etiam
433 842 506 916 duo
541 843 689 916 trilioea
722 844 830 934 PQL,
845 845 908 918 CY
910 846 937 917 P
970 844 1097 918 addita
1129 843 1336 916 sectoribus

288 954 420 1029 iisdem
447 955 557 1045 ΜΝ,
572 956 677 1046 APL,
708 957 846 1031 facient
873 957 1117 1054 quantitatem
1148 956 1332 1052 aequalem

290 1069 423 1141 sectori
440 1069 585 1165 integro
603 1069 710 1144 ACL.

338 1181 423 1254 Jam
450 1181 637 1255 trilineum
660 1183 757 1257 Pau
780 1181 949 1255 additum
973 1181 1107 1256 sectiiri
1124 1181 1219 1255 ALP
1240 1181 1336 1256 facit

289 1293 516 1390 triangulum
543 1294 655 1370 APQ.
717 1296 764 1368 Et
789 1295 890 1391 (quia
906 1295 1013 1384 ALP,
1027 1295 1138 1384 ACV,
1170 1306 1335 1368 sectores

290 1418 377 1480 sunt
394 1406 563 1503 aequaleS,
583 1419 619 1481 et
637 1408 821 1504 triangula
838 1408 946 1495 AYP,
957 1408 1058 1483 APQ
1075 1408 1244 1506 aequalia)
1265 1408 1337 1481 tri-

290 1518 427 1592 liueum
445 1519 544 1592 idem
558 1521 655 1596 Pau
671 1521 837 1595 additum
852 1522 986 1596 sectori
999 1521 1098 1595 Acv
1111 1521 1203 1595 facit
1219 1522 1337 1596 triau-

289 1632 418 1730 gulum
436 1633 543 1706 AYP.

341 1746 380 1819 Si
401 1770 489 1843 ergo
507 1748 616 1838 Pau,
627 1747 691 1820 CY
692 1748 720 1821 P
737 1759 825 1822 suut
842 1749 1008 1845 aequalia,
1027 1760 1148 1823 totum
1164 1749 1335 1845 triangu-

289 1857 366 1931 lum
388 1860 494 1935 AYQ
516 1861 656 1957 aequale
679 1861 750 1934 erit
772 1863 907 1935 sectori
930 1863 1076 1957 integro
1105 1862 1213 1937 ACL.
1265 1862 1334 1937 Sin

290 1971 388 2047 PQL
410 1973 459 2045 sit
485 1975 603 2069 majus
621 1973 679 2046 vel
706 1973 826 2047 minus
845 1998 956 2071 quam
975 1973 1080 2062 CYP,
1104 1973 1334 2071 triangulum

291 2086 395 2161 AYQ
412 2086 482 2159 erit
499 2088 616 2182 majus
633 2086 691 2159 vel
710 2086 832 2159 miuus
849 2098 993 2160 sectore
1004 2086 1115 2159 ACL.
1153 2092 1232 2160 Aut
1243 2111 1334 2183 ergo

289 2199 328 2271 iu
357 2199 541 2295 triangulo
567 2198 666 2273 ACG
692 2198 918 2295 triangulum
942 2198 1198 2295 rectaugulum
1227 2202 1335 2296 cujus

289 2324 417 2386 vertex
434 2313 482 2385 sit
495 2314 540 2402 A,
559 2312 699 2408 aequale
717 2313 853 2386 sectori
870 2312 967 2385 ACL
983 2313 1078 2385 sumi
1101 2311 1244 2386 nullum
1266 2337 1335 2410 po-

288 2438 373 2514 test,
390 2438 454 2500 aut
478 2426 588 2511 PQL,
601 2425 694 2500 CYP
710 2436 796 2500 sunt
818 2425 985 2521 aequalia.
1038 2427 1135 2501 Nam
1161 2426 1192 2499 si
1220 2426 1334 2517 ACV,

289 2539 383 2613 ALP
400 2540 612 2636 aequalibus,
638 2539 797 2613 addatur
821 2538 1014 2612 dimidium
1038 2538 1190 2613 sectoris
1213 2540 1335 2613 utrin-

289 2676 372 2748 que,
390 2654 481 2726 fieut
498 2653 570 2727 duo
588 2653 773 2749 triangula
786 2653 920 2726 sectori
938 2653 1034 2726 ACL
1051 2653 1216 2750 aequalia.
1256 2654 1334 2728 Ita-

289 2789 362 2862 que
379 2778 556 2861 quantum
573 2766 747 2862 trianguli
765 2767 915 2840 alterius
932 2766 1003 2840 erit
1025 2767 1124 2840 intra
1140 2768 1333 2857 circulum,

289 2891 434 2953 tautum
451 2880 600 2953 alterius
618 2880 689 2953 erit
706 2893 823 2953 extra.
877 2880 987 2956 Quod
1010 2881 1091 2953 fieri
1107 2882 1335 2976 impossibile

288 3005 347 3065 est
363 3007 610 3088 praeterquam
631 2993 669 3065 in
688 3016 870 3066 concursu
887 3005 998 3067 rectae
1016 2993 1084 3067 ΑΟ
1102 3018 1185 3068 cum
1204 2994 1277 3070 RQ
1293 3009 1336 3069 et

289 3106 351 3179 CL
367 3107 414 3180 ad
432 3108 472 3181 P.
525 3105 673 3203 Alioqui
691 3106 789 3179 enim
807 3117 871 3180 aut
887 3107 1112 3205 triangulum
1138 3119 1202 3182 aut
1218 3134 1336 3207 quau·

289 3219 377 3293 titas
395 3220 492 3295 AVP
508 3245 584 3294 uon
599 3219 784 3293 dividetur
801 3220 980 3294 bifariam.

653 3467 790 3561 Aliter,
808 3468 961 3545 directe.

339 3621 469 3694 Sector
495 3620 589 3696 ACP
616 3635 766 3717 superat
795 3633 977 3695 sectorem
1004 3623 1104 3696 ACV
1124 3626 1334 3719 quantitate

287 3734 394 3807 AVP.
446 3736 544 3830 Ergo
564 3735 658 3807 ACP
681 3748 829 3831 superat
856 3736 1082 3832 triangulum
1100 3737 1196 3809 AYP
1213 3762 1333 3833 quau-

286 3849 392 3922 titate
407 3849 548 3922 AVP-
555 3849 658 3923 CYP.
712 3851 871 3945 Superat
888 3861 1011 3923 autem
1025 3852 1231 3946 quantitate
1249 3854 1333 3948 ipsa

286 3963 390 4036 CYP.
444 3963 539 4036 Sunt
557 3987 645 4059 ergo
663 3962 904 4037 AVP—CYP
921 3975 960 4036 et
977 3965 1069 4037 CYP
1086 3965 1250 4060 aequalia.

334 4076 473 4149 Addito
507 4077 680 4172 utrinque
711 4077 817 4166 CYP,
856 4090 965 4150 erunt
999 4077 1096 4148 AVP
1135 4088 1172 4151 et
1207 4079 1331 4152 2CYP

284 4191 449 4285 aequalia.
494 4192 542 4263 Et
559 4191 644 4288 quia
658 4190 754 4262 AVP
767 4192 917 4287 aequalis
936 4204 992 4263 est
1009 4192 1185 4266 ambobus
1199 4193 1330 4290 spatiis

285 4303 383 4377 Pau
400 4316 438 4377 et
456 4303 559 4393 CYP,
579 4316 687 4377 erunt
706 4304 802 4379 PQL
818 4315 855 4379 et
874 4303 977 4379 CYP
994 4304 1160 4401 aequalia.
