2888 4988
219 395 292 464 488
665 409 905 463 nunrcsrro.

217 602 327 663 tunae
354 589 501 678 civium,
528 589 792 686 principalem:
819 599 972 663 caeteras
997 588 1088 662 nihil
1116 611 1195 662 esse
1223 597 1360 684 praeter

218 724 356 799 ludum.
391 726 566 799 Ludimus
582 726 681 799 enim
698 725 809 799 otiosi
825 726 863 798 in
880 725 1089 797 nominibus
1106 721 1360 810 Grammatici‚

218 858 257 932 in
275 860 494 957 syllogismis
511 861 649 957 Logici,
668 861 707 932 in
724 860 823 934 sonis
841 858 987 948 Musici,
1001 858 1041 931 in
1057 858 1220 932 numeris
1232 856 1362 929 Arith-

218 992 355 1083 metici,
369 994 408 1066 in
423 1003 524 1066 motu
537 992 693 1090 Physici‚
706 993 745 1065 in
763 992 891 1088 figuris
904 991 1121 1078 Geometr'ae,
1135 989 1222 1063 dum
1240 988 1362 1062 otium

218 1136 385 1198 nostrum
411 1125 562 1222 negotia
581 1134 732 1198 tuentur
752 1123 973 1220 Principum.
1024 1121 1106 1196 Nec
1122 1133 1246 1196 tamen
1267 1119 1364 1192 nihil

218 1281 329 1355 agere
346 1257 512 1332 videmur
532 1258 714 1332 nobismet
736 1257 836 1354 ipsis.
888 1256 1030 1331 Praedia
1052 1269 1138 1330 sunt
1160 1253 1363 1352 geometris

217 1390 458 1488 problemata,
475 1391 734 1489 possidentque
752 1415 796 1464 ea
812 1390 978 1489 plerique
996 1392 1100 1487 quasi
1121 1393 1204 1487 jure
1220 1388 1364 1463 feudali

219 1525 266 1599 ab
300 1524 460 1622 antiquis
493 1527 706 1623 geometriae
739 1525 897 1598 dominis
929 1525 1094 1616 Euclide,
1125 1522 1362 1611 Archimede,

219 1661 383 1757 aliisque,
400 1684 467 1758 per
483 1660 746 1749 servitudinem
763 1672 803 1734 et
826 1661 1077 1758 pertinaciam.
1128 1660 1266 1734 Schola
1288 1660 1363 1734 illis

220 1792 437 1866 Praetorinm
471 1803 538 1883 est,
572 1793 637 1868 ubi
665 1816 793 1865 verum
827 1793 1058 1868 constituunt
1092 1818 1158 1868 suo
1192 1793 1361 1867 arbitrio.

214 1927 309 2001 'Jure
343 1926 595 2023 occupationis
628 1927 819 2000 inventum
853 1950 989 2001 novum
1023 1952 1098 2001 non
1132 1927 1361 2024 acquiritnrz

219 2059 405 2148 nimirum,
424 2059 524 2156 quod
548 2059 700 2155 quisque
727 2060 866 2156 ingenii
889 2063 946 2133 sui
963 2063 1152 2158 proprium
1170 2084 1262 2157 opus
1279 2083 1361 2134 esse

216 2195 407 2291 judicavit,
422 2196 453 2268 si
470 2218 599 2291 parum
616 2194 805 2268 festinanti
822 2195 1008 2291 praeripiat
1024 2196 1128 2287 alter,
1143 2196 1279 2292 injuria
1291 2209 1360 2270 est.

220 2328 357 2425 Legem
384 2330 480 2403 hanc
506 2328 701 2425 supercilio
730 2328 897 2402 damnari
930 2329 1094 2426 iniquam
1121 2354 1196 2403 non
1224 2332 1358 2426 patior.

212 2461 343 2552 Ratio,
358 2463 388 2536 si
400 2462 586 2552 afferatur,
601 2463 736 2536 vincat.
773 2463 846 2536 Sed
858 2462 989 2536 lectori
1000 2487 1119 2560 neque
1132 2464 1361 2538 intellectum

220 2618 338 2691 neque
361 2595 578 2691 patientiam
603 2605 775 2690 praestare
800 2594 928 2668 debeo.
979 2595 1109 2691 Itaque
1129 2620 1290 2692 provoco
1314 2596 1362 2670 ad

219 2734 377 2815 exteros,
411 2737 522 2821 atque
556 2725 667 2798 etiam
702 2725 749 2799 ad
782 2739 962 2822 posteros,
997 2727 1066 2800 sub
1096 2741 1173 2818 tuo,
1205 2727 1360 2802 Maonn

213 2858 820 2955 ·Pn1ncn1>s,nomine,cuiquae
847 2861 951 2957 cupis
979 2862 1102 2936 omnia
1133 2862 1233 2936 Dens
1264 2886 1363 2936 com·

213 2990 365 3087 probet,
384 3002 423 3066 et
439 3016 519 3089 quae
537 2990 615 3087 agis
632 2991 820 3066 secundet.

582 3225 829 3300 Serenissimac
846 3226 1073 3302 celsitudinis
1090 3239 1162 3302 tuae

833 3486 1020 3536 servorum
1038 3462 1263 3536 humillimus

925 3697 1103 3770 Tuouns
1124 3696 1312 3771 Honnns
