2888 5002
354 463 669 517 uauunusrlcn
690 464 933 517 nonmnun.
1141 454 1165 519 3

173 629 223 702 A.
253 630 348 704 Usus
361 642 416 705 est
429 656 518 728 ergo
530 645 695 727 tempore
705 644 886 728 praesente
896 656 963 727 pro
972 633 1162 729 praeterito
1199 660 1349 703 unrocus

121 742 351 839 imperfecto.
1200 742 1343 846 „L

172 856 222 931 B.
250 858 319 932 Ita.

171 968 217 1044 A.
245 971 304 1044 An
324 983 362 1046 et
379 972 504 1069 saepe?

171 1082 220 1157 B.
249 1084 468 1180 Saepissime.

171 1193 218 1268 A.
246 1196 486 1271 Absolvamus
503 1221 592 1293 ergo
607 1196 889 1294 typographum.

170 1307 217 1381 B.
245 1310 371 1383 Recte.
397 1311 534 1384 Verum
552 1335 621 1406 ego
636 1310 738 1384 illum
753 1335 827 1384 non
840 1309 987 1384 laudavi
1003 1335 1026 1382 a
1041 1333 1159 1405 gram·

120 1423 268 1510 matina,
280 1447 503 1519 quamquam
514 1423 592 1520 ipse
605 1423 694 1497 alias
707 1447 780 1497 nou
793 1422 999 1519 intelligere
1013 1437 1050 1496 et
1060 1423 1159 1520 loqui

120 1535 253 1610 Latine
271 1534 429 1610 dedecus
446 1561 525 1610 esse
542 1548 668 1611 censet
684 1536 905 1610 academico.

169 1645 217 1722 A.
244 1647 428 1721 Numeros
453 1651 566 1723 etiam
595 1649 804 1748 reperimus
832 1650 880 1723 ab
908 1649 1005 1747 ipsis
1034 1649 1161 1722 mundi

116 1758 351 1855 primordiis,
368 1772 488 1861 prout
505 1764 544 1836 in
560 1773 714 1838 (etatum
725 1764 1037 1863 patriarcharum
1055 1773 1161 1836 cato-

118 1870 208 1970 logo
233 1872 362 1972 liquet,
381 1901 457 1973 per
482 1877 673 1966 monades,
696 1876 872 1967 decadae
899 1877 1161 1975 centuriasque

119 1995 211 2082 apte
239 1986 451 2086 dispositos,
472 1989 659 2088 gradibus
682 1989 837 2079 scilicet,
866 2015 912 2062 ne
941 1990 1160 2063 inordinato

116 2122 350 2175 summram
374 2102 608 2176 multitudiue
631 2113 670 2176 et
691 2113 791 2195 ᾰταεὲᾳ
815 2102 959 2176 laboret
983 2102 1160 2190 cadalus,

117 2211 180 2285 vel
198 2212 346 2310 quidem
367 2214 490 2288 nullus
512 2216 653 2289 manino
671 2215 899 2291 sit—Quod
915 2216 1049 2288 iterum
1067 2227 1160 2289 tem-

117 2349 209 2421 pore
233 2339 415 2423 praesente
437 2341 566 2403 utatur
589 2353 657 2426 pro
673 2329 902 2425 imperfecto,
926 2331 1100 2426 quoniam
1119 2343 1160 2403 tu

116 2439 173 2512 ita
188 2440 255 2527 vis,
271 2454 465 2538 praetereo.
517 2443 601 2516 Hoc
618 2453 762 2516 tantum
785 2467 808 2516 a
825 2456 862 2515 te
880 2466 1017 2538 quaero‚
1034 2453 1157 2515 utrum

115 2553 165 2626 ab
183 2577 240 2639 eo,
266 2555 366 2651 quod
392 2568 520 2630 aetates
544 2556 838 2653 patriarcharum
861 2578 977 2651 usque
1001 2554 1047 2627 ad
1067 2554 1158 2627 dilu-

114 2667 218 2739 vium
235 2691 302 2764 per
320 2670 517 2759 centurias,
538 2669 708 2759 decadas,
727 2668 904 2742 monades
919 2678 1159 2739 numerentur

118 2778 229 2871 (Gen.
247 2804 327 2878 cap.
343 2784 398 2876 5),
419 2783 546 2856 inferri
563 2783 679 2880 possit
695 2805 930 2855 numerorum
949 2780 1097 2853 nomina
1114 2804 1158 2853 eo

114 2902 284 2989 tempore
302 2895 355 2968 ita
371 2894 541 2969 ordinata
556 2897 678 2969 fuisse.

166 3003 214 3079 B.
243 3006 431 3103 Siquidem
450 3019 562 3104 caput
577 3006 668 3082 illud
687 3008 856 3105 quintum
877 3019 963 3080 ante
981 3006 1157 3080 diluvium

113 3120 296 3216 scriptum
313 3121 456 3211 fuisset,
479 3121 595 3195 illatio
619 3121 683 3194 illa
704 3132 799 3194 esset
819 3122 926 3193 bona.
980 3120 1053 3194 Sed
1071 3145 1157 3217 quo·

111 3232 216 3304 niam
234 3234 292 3306 vel
308 3257 332 3307 a
348 3232 465 3319 Mose,
479 3234 538 3307 vel
551 3233 662 3329 longo
675 3247 760 3330 post
773 3231 917 3306 Mosem
931 3245 1097 3328 tempore
1110 3232 1157 3305 ab

111 3344 235 3418 Esdra
250 3347 430 3442 scriptum
447 3370 527 3420 esse
551 3371 678 3420 omnes
695 3347 944 3435 consentiunt,
965 3345 1158 3420 fatendum

112 3472 172 3533 est
189 3460 325 3535 bonam
343 3485 418 3534 non
435 3484 527 3534 esse.

162 3572 213 3648 A.
240 3572 500 3646 Desideramus
528 3596 617 3668 ergo
640 3573 679 3646 in
697 3572 863 3646 Wallisio
888 3582 1034 3660 ἀκρίβειαν
1056 3570 1156 3644 illam

110 3687 263 3783 logieeS,
282 3711 394 3784 quam
407 3687 586 3782 exigimus
604 3711 627 3758 a
639 3684 1156 3760 mathematicis-Mothana

110 3800 223 3898 apud
240 3799 437 3873 chaldam
447 3810 542 3898 post
558 3799 732 3873 diluvium
741 3800 870 3897 primo
874 3798 1059 3893 floruisse
1076 3823 1157 3871 crs-

111 3913 230 4002 ditur,
256 3913 391 3986 deiude
408 3913 513 4009 apud
527 3913 731 4011 Egyptian,
754 3937 834 3984 cum
851 3910 919 3984 hoc
938 3920 1059 3984 tamen
1078 3911 1157 3984 dis-

111 4027 292 4109 erimine;
332 4026 593 4100 Chaldaeorum
626 4025 864 4114 astronomia,
904 4024 1156 4121 Egyptiorum

106 4140 324 4240 geometria
343 4139 533 4214 celebrata
549 4139 778 4212 eat—Unde
796 4137 893 4212 soit?
936 4138 1061 4212 Quare
1077 4158 1156 4207 ore-

110 4254 243 4328 ditur?
282 4254 351 4328 Cui
368 4253 573 4328 historico?
614 4252 790 4348 Oportuit
802 4253 1007 4341 nominasse
1024 4248 1156 4321 antho-

109 4391 192 4442 rem
215 4391 334 4442 suum.
386 4368 483 4442 Nam
509 4378 653 4457 contra,
682 4365 943 4439 astronomiam
963 4360 1156 4435 Chaldaeos

974 4497 1000 4549 Β
1018 4479 1033 4519 2
