2888 5002
463 457 796 510 snounraauuu.
1074 442 1147 508 413

109 650 188 700 esse
212 649 285 698 non
303 636 467 722 possunt,
486 623 551 697 sed
576 624 615 697 in
641 625 804 721 ipsorum
826 646 977 696 arcuum
1006 623 1148 695 ratione
1203 651 1270 692 aar».
1287 651 1316 689 x.

110 739 317 836 inaequales
368 739 488 811 Etiam
508 751 551 810 ut
575 737 825 834 longitudines
849 736 1045 832 inaequales
1063 760 1149 832 qua·
1192 717 1340 837 Μ,

111 865 218 926 tenus
236 851 483 947 longitudines
501 849 635 923 similes
650 851 735 940 sint,
751 850 852 922 dictu
869 849 1068 922 absurdum
1082 861 1147 922 est.
1192 847 1320 905 ΝΜ·

163 965 353 1038 Hactenus
369 977 523 1060 peccata
540 963 798 1036 definitionum
814 963 977 1036 Euclidis
994 962 1152 1037 leviora:

114 1102 196 1174 quae
212 1090 349 1165 tamen,
364 1078 395 1149 si
413 1077 744 1149 demonstrationes
758 1075 876 1148 nullas
891 1076 1070 1164 inficiunt,
1085 1098 1152 1169 pro

113 1191 221 1264 nullis
240 1190 453 1263 habeantur.
499 1187 646 1262 Accedo
659 1189 737 1284 jam
755 1188 804 1261 ad
821 1187 1052 1261 definitiones
1070 1188 1152 1261 Ele-

113 1303 229 1376 menti
241 1303 372 1399 quinti,
386 1326 468 1399 quae
481 1303 668 1398 pertinent
686 1302 733 1375 ad
748 1302 954 1374 doctrinam
967 1303 1153 1376 rationum

115 1427 153 1489 et
170 1416 462 1512 proportionum,
480 1415 691 1513 geometriae
707 1415 914 1489 medullam.

536 2004 640 2079 CAP.
676 2005 743 2078 XI.

494 2188 548 2240 DE
586 2188 784 2242 RATIONE.

123 2320 260 2393 Purus
274 2326 342 2406 est,
352 2340 454 2415 para
464 2327 522 2390 eat
534 2318 752 2415 magnitudo
766 2320 1031 2417 magnitudinis
1043 2323 1160 2395 minor

122 2431 290 2528 majoris,
308 2454 388 2503 cum
401 2430 517 2502 minor
530 2431 677 2504 metitur
694 2433 878 2527 majorem.
933 2435 972 2507 Si
986 2458 1053 2531 per
1062 2460 1162 2533 par-

125 2555 198 2618 tem
227 2542 409 2638 intelligat
435 2553 579 2638 partem
609 2542 819 2639 aliquotam,
848 2560 887 2618 et
914 2546 1010 2619 inter
1037 2558 1161 2642 partes

125 2657 305 2752 aliquotas
340 2667 510 2729 numerat
539 2668 671 2746 totum,
701 2658 803 2747 (nam
838 2659 977 2755 aequale
1010 2661 1163 2733 metitur

126 2769 296 2866 aequale),
313 2769 411 2842 bona
428 2782 503 2843 est:
530 2781 568 2842 et
585 2767 713 2843 eadem
730 2770 769 2842 in
784 2770 892 2845 lineis
908 2785 965 2846 est
980 2796 1052 2858 res,
1062 2796 1164 2871 para

126 2894 166 2955 et
182 2905 361 2953 mensura.

178 2993 354 3067 Definitio
381 2992 511 3066 tertia:
542 2991 657 3066 Ratio
679 3005 736 3067 eat
761 2996 918 3069 duarum
939 2997 1166 3096 magnitudi-

127 3131 213 3180 num
241 3105 402 3201 ejuadem
429 3105 585 3204 generis
619 3117 744 3180 mutua
772 3109 941 3205 quadam
974 3110 1168 3184 secundum

129 3219 378 3317 quantitatem
407 3218 595 3292 habitudo.
648 3220 740 3294 Quis
770 3245 814 3294 ex
845 3222 1058 3296 definitione
1084 3225 1166 3313 hac,

130 3330 264 3405 Latina
278 3333 353 3405 sive
364 3332 504 3422 Graeca,
515 3343 685 3406 naturam
694 3334 846 3408 rationis
858 3338 1168 3433 comprehendere

131 3444 319 3517 intellectu
334 3444 476 3542 potest?
512 3446 613 3520 Quid
627 3447 725 3519 enim
737 3458 792 3520 est
809 3448 972 3544 ejusdem
982 3451 1169 3548 generis?

133 3558 207 3631 Ubi
223 3559 293 3631 hoc
314 3558 353 3630 in
380 3558 680 3632 antecedentibus
710 3559 930 3656 explicavit?
984 3562 1084 3637 Quid
1113 3576 1170 3637 est

131 3670 223 3744 illud
241 3672 418 3768 quadam
437 3671 513 3744 sive
539 3671 597 3764 (ut
619 3671 745 3745 Graece
768 3674 889 3767 sonat)
916 3674 1094 3772 aliqualis
1105 3676 1171 3748 ba

133 3782 296 3858 biturio?
360 3783 460 3859 Quid
487 3783 645 3880 denique
672 3783 882 3859 habitudo?
942 3787 1072 3884 Neque
1100 3789 1171 3862 hoc

132 3920 287 3992 usquam
301 3897 478 3982 definivit,
496 3920 615 3992 neque
629 3897 886 3994 quantitatem.

185 4010 311 4083 Ideam
328 4009 481 4083 rationis
501 4008 564 4103 (de
576 4033 648 4106 qua
660 4010 730 4083 hoc
748 4010 830 4084 loco
843 4011 1030 4106 Euclides)
1044 4037 1171 4088 omues

133 4121 336 4217 perfectam
364 4122 514 4196 habent.
566 4123 753 4196 Mercator
781 4123 863 4212 scit,
891 4149 935 4198 ex
968 4128 1174 4221 quantitate

129 4232 276 4308 cullatae
293 4259 316 4307 a
333 4259 370 4307 se
388 4234 564 4331 pecuniae,
583 4247 761 4330 quantum
783 4236 919 4309 habere
943 4236 1051 4312 debet
1067 4238 1173 4314 lucri.

132 4345 298 4422 Colonus
315 4371 389 4422 non
406 4348 552 4444 ignorat
569 4361 746 4442 qnantum
760 4373 867 4424 usum
878 4350 958 4446 agri
971 4354 1174 4429 communis
