2888 5002
438 436 492 488 na
513 435 683 490 narona
703 436 840 489 naurs.
1090 427 1158 491 241

168 599 214 673 A.
242 601 357 675 Recte
385 603 488 691 dicis,
519 604 629 676 modo
659 604 828 677 voluntas
853 626 898 675 ea
914 603 961 675 ad
990 603 1163 676 scientias

118 713 229 809 ipsas,
248 738 324 789 non
347 716 395 788 ad
422 717 561 812 ingenii
578 717 734 814 gloriam
758 716 951 811 dirigatur.
1004 716 1076 789 Sed
1104 716 1163 790 die

117 850 253 922 quaeso,
273 829 311 900 in
330 830 450 902 causis
468 854 591 903 rerum
612 829 878 926 investigandis
906 853 1017 926 quam
1043 831 1164 927 sequi-

116 941 207 1013 mini
221 941 461 1015 methodum?

169 1052 217 1126 B.
246 1055 487 1128 Proferuntur
512 1055 631 1152 primo
658 1056 921 1151 experimenta,
939 1056 1071 1128 deinde
1089 1056 1160 1129 alio

118 1165 188 1254 die,
200 1191 310 1264 quam
327 1167 479 1265 quisque
490 1191 637 1240 causam
656 1169 888 1265 phaenomeni
906 1193 984 1242 esse
998 1170 1161 1265 suspica-

116 1292 190 1368 tur,
208 1305 290 1353 eam
308 1282 391 1354 viva
407 1306 510 1370 voce,
528 1293 570 1354 ut
587 1293 723 1377 potest,
742 1282 912 1377 explicat.
966 1282 1062 1354 Nam
1088 1282 1162 1355 his-

116 1393 223 1466 toriae
239 1395 400 1467 naturali
417 1396 564 1490 scriptae
583 1395 762 1467 nonsatis
785 1394 954 1477 fidimus;
981 1419 1101 1489 neque
1129 1396 1160 1468 si

115 1505 329 1579 certissimae
347 1518 479 1595 essent,
497 1508 586 1579 satis
604 1507 781 1580 inservire
811 1519 959 1604 possent
987 1507 1159 1581 instituto

114 1631 255 1703 nostro,
274 1618 383 1692 nudae
401 1620 602 1692 existentes
617 1618 990 1707 circumstantiarum,
1010 1644 1093 1715 quae
1111 1620 1159 1692 ad

115 1755 246 1804 causas
264 1733 450 1805 naturales
468 1733 708 1806 inveniendas
725 1745 812 1806 sunt
829 1734 1058 1806 necessariae.

166 1844 216 1918 A.
243 1846 399 1918 Rectum
413 1846 560 1941 quidem
579 1846 670 1918 illud
687 1857 753 1930 est,
765 1845 811 1918 de
828 1871 904 1919 nou
922 1857 1062 1919 temere
1080 1869 1159 1918 cre-

116 1957 237 2031 denda
253 1959 417 2032 historia.
471 1959 543 2032 Sed
563 1983 611 2031 an
629 1961 741 2031 etiam
758 1983 803 2031 ea
816 1959 1058 2054 phaenomena
1076 1983 1158 2054 quae

115 2092 339 2167 unoquoque
366 2071 443 2144 fere
473 2071 533 2144 die
563 2071 812 2168 uuusquisque
842 2084 1005 2144 vestrum
1033 2071 1159 2144 videre

114 2193 248 2278 potest,
261 2195 431 2280 suspecta
447 2196 545 2272 sunt,
557 2182 629 2255 nisi
645 2183 708 2256 illa
725 2207 852 2256 omnes
864 2184 972 2256 simul
984 2183 1158 2257 videatis?

115 2296 191 2368 Aut
218 2319 262 2368 ea
288 2321 370 2392 quae
388 2295 520 2369 videtis
543 2296 582 2368 in
606 2297 773 2369 conclavi
792 2298 1057 2392 experimenta,
1074 2322 1157 2393 quae

113 2432 201 2481 sane
230 2434 350 2506 pauca
383 2434 462 2483 esse
491 2420 649 2498 constat,
680 2411 768 2483 satis
799 2434 877 2482 esse
911 2409 1087 2492 creditis;
1114 2433 1158 2483 ea

112 2535 249 2612 autem,
268 2548 349 2618 quae
367 2524 471 2597 vobis
488 2523 653 2619 quotidie
671 2533 857 2595 ostentant
875 2524 1010 2596 coelum
1028 2523 1156 2611 altum,

112 2649 321 2732 pontusque
350 2650 389 2710 et
402 2620 406 2631 ⁵
419 2638 496 2710 lato
526 2648 677 2733 pectore
702 2635 823 2724 telluS,
856 2636 946 2708 satis
975 2658 1053 2707 esse
1082 2659 1158 2709 non

112 2750 276 2845 putatis?

162 2862 212 2935 B.
240 2864 334 2937 Sunt
364 2864 463 2937 enim
496 2876 641 2936 naturae
675 2885 789 2959 opera
815 2861 985 2957 quaedam
1014 2862 1154 2951 critica,

111 2999 187 3049 nou
204 2975 276 3049 nisi
293 2990 372 3050 arte
384 2989 422 3050 et
432 2977 622 3073 diligentia
634 2976 741 3049 nobis
754 2976 925 3071 cognita;
945 2976 1156 3072 inquorum

110 3112 187 3162 uno
198 3090 321 3186 aliquo
335 3101 488 3177 naturae,
506 3103 550 3162 ut
576 3091 628 3163 ita
655 3090 788 3178 dicam,
806 3089 1013 3176 artificium,
1031 3087 1070 3161 id
1087 3099 1154 3177 est,

110 3202 244 3276 modus
267 3203 444 3300 operandi
478 3204 708 3277 manifestius
744 3227 783 3277 se
816 3202 953 3299 prodit,
983 3226 1093 3297 quam
1116 3202 1155 3273 in

111 3317 251 3390 centies
273 3318 372 3390 mille
388 3318 639 3414 phaenomenis
657 3318 738 3391 istis
765 3316 1000 3413 quotidianis.
1052 3315 1156 3388 Talia

111 3440 236 3502 autem
270 3442 356 3504 sunt
389 3430 642 3527 experimenta
675 3443 814 3517 nostra,
849 3453 1005 3526 quorum
1046 3429 1154 3500 unius

111 3566 224 3615 causa
235 3542 385 3617 inventa
397 3543 444 3617 ad
462 3567 655 3616 numerum
679 3543 864 3616 infinitum
886 3543 1007 3639 aptari
1031 3554 1156 3638 potest

109 3656 383 3752 phaeuomennn
398 3658 661 3731 communium.

163 3771 213 3844 A.
240 3771 422 3846 Quaenam
440 3785 526 3844 sunt
539 3770 630 3844 illa?
669 3769 741 3842 Sed
760 3769 861 3866 prius
888 3767 1015 3841 audire
1032 3767 1153 3862 cupio,

110 3885 261 3980 quinam
279 3885 352 3958 sint
368 3885 421 3958 illi
438 3886 605 3959 homines
623 3883 723 3956 docti
751 3883 814 3979 qui
831 3894 991 3954 vestram
1017 3879 1155 3952 cousti-

110 4010 224 4071 tuunt
251 3999 500 4072 Academiam.
570 3999 668 4071 Nam
707 3995 925 4070 Academias
968 3992 1155 4091 appellant

108 4110 305 4183 societates
337 4111 516 4206 ejusmodi
541 4110 635 4184 Galli
663 4110 832 4204 Italique.
889 4107 1015 4180 Talem
1050 4105 1155 4183 aiunt

108 4247 192 4296 esse
209 4224 356 4296 Parisiis
369 4224 479 4297 hodie
496 4225 534 4296 in
552 4224 661 4297 domo
680 4222 818 4297 domini
843 4218 1053 4293 Mommori.
1104 4216 1154 4288 Et

109 4361 194 4409 cum
213 4361 282 4433 ego
299 4360 399 4410 eram
424 4337 583 4425 Parisiis
610 4348 833 4408 conventum
860 4331 1055 4406 habuimus
1078 4354 1153 4403 non

212 4473 378 4525 vor..1v.
1027 4468 1053 4518 u
