2888 5002
359 444 671 498 narnunnrrca
692 444 935 496 nonrnnun.
1128 427 1171 504 ¹7
1295 451 1298 455 ⁴

133 607 256 704 aliquo
273 624 496 687 mensurato.
547 612 695 708 Alioqui
708 611 906 707 quaerentis
923 609 1066 685 animus
1078 609 1172 684 nibil
1205 639 1362 682 ammons

132 721 255 812 habet,
269 725 307 796 in
323 749 396 821 quo
409 726 629 821 acquiescat,
644 725 940 799 determinatum.
983 725 1068 797 Non
1083 735 1171 797 sunt
1208 721 1353 825 ,ζα

132 859 220 932 ergo
249 837 455 933 longitudo,
483 839 704 935 superficies,
737 838 906 926 solidum,
941 837 1171 935 quantitates

132 950 233 1046 ipsae,
256 951 567 1048 sedquoniam!
585 953 719 1048 potins,
738 953 816 1026 sine
834 951 1041 1026 scholarum
1058 953 1170 1026 etiam

131 1063 364 1158 antiquarum
382 1064 618 1154 barbarismo,
636 1074 753 1138 tantu.

181 1175 232 1248 B.
259 1176 361 1249 Nihil
378 1177 483 1250 video
500 1191 652 1273 propter
669 1177 767 1273 quod
783 1177 863 1251 haec
881 1202 956 1251 non
973 1177 1046 1251 sint
1063 1201 1193 1252 aecum

132 1300 212 1361 rate
230 1288 339 1362 dicta.
392 1291 464 1365 Sed
482 1290 672 1387 quidinde
691 1291 832 1364 infers?

179 1400 224 1474 A.
253 1403 353 1477 Istuc
370 1404 500 1493 infero,
517 1417 674 1501 tempus,
693 1405 825 1492 locum,
840 1416 993 1494 motum,
1010 1403 1166 1500 pondus,

129 1539 206 1590 non
232 1517 353 1590 minus
380 1519 527 1614 proprie
551 1520 777 1615 quantitates
803 1518 888 1605 diei,
918 1541 1028 1615 quam
1057 1516 1168 1607 linea,

129 1630 351 1725 superficies,
379 1644 417 1703 et
447 1631 616 1705 solidum.
686 1632 782 1704 Cum
811 1632 909 1704 enim
936 1655 1057 1736 neque
1086 1631 1170 1704 haeo

127 1765 249 1838 neque
266 1742 330 1816 illa
347 1744 571 1840 quantitates
588 1745 673 1833 sint,
691 1743 757 1817 sed
783 1755 931 1838 quanta,
948 1767 1054 1840 aeque
1080 1753 1168 1816 sunt

127 1867 285 1951 utraque
302 1858 538 1952 quantitates.
591 1857 756 1953 Cumque
773 1869 849 1930 tam
873 1855 935 1928 illa
958 1880 1068 1951 quam
1085 1854 1165 1929 haec

128 1969 370 2063 quantitatem
388 1969 558 2060 habeant,
584 1983 670 2044 sunt
700 1994 804 2066 aeque
830 1981 986 2065 utraque
1014 1981 1164 2065 quanta.

128 2081 253 2155 Quare
287 2083 325 2155 in
353 2082 565 2156 definitione
599 2082 669 2156 hac
692 2082 903 2156 Matheseos
936 2081 1164 2168 universalia,

125 2194 217 2267 nihil
245 2208 302 2269 est
329 2219 446 2292 neque
475 2205 586 2287 ἀκριβὲς
613 2220 733 2294 neque
758 2206 846 2284 ὑγιὲς.
907 2195 1027 2268 Multa
1053 2195 1166 2268 habet

124 2306 363 2382 Archimedes
390 2309 555 2383 inlibris
585 2310 659 2383 suis
689 2333 755 2406 per
783 2323 926 2382 motum
957 2321 995 2381 et
1021 2321 1166 2405 tempus

125 2419 388 2510 demonstrata,
406 2447 490 2518 quae
506 2433 631 2495 tamen
650 2447 697 2496 ne
710 2422 895 2495 Wallisius
913 2421 1061 2516 quidem
1075 2422 1164 2518 ipse,

124 2532 249 2623 credo,
272 2535 424 2631 negabit
445 2557 525 2608 esse
551 2546 588 2607 et
610 2534 704 2608 bene
728 2534 979 2608 demonstrata
1003 2545 1043 2606 et
1071 2557 1163 2629 pure

122 2646 395 2722 mathematica.

173 2759 221 2834 B.
249 2761 350 2836 Quid
376 2761 561 2836 Wallisius
587 2774 789 2856 negaturus
814 2761 864 2834 sit
892 2759 1027 2833 nescio.
1089 2758 1166 2832 Sed

123 2885 282 2970 tempus,
298 2874 412 2965 locus,
431 2886 515 2962 etc,
533 2875 622 2948 mihi
648 2875 796 2971 quidem
818 2874 991 2947 videntur
1017 2872 1159 2968 quanti·
1296 2898 1301 2911 ·

123 2998 220 3061 tates
237 3012 312 3061 non
335 2988 456 3061 minus
476 2989 622 3085 proprie
647 2989 766 3077 dictae,
794 3012 903 3085 quam
934 2983 1163 3083 magnitudo,

124 3111 164 3172 et
188 3123 386 3183 numerus;
412 3124 481 3174 nec
509 3101 694 3197 quantitas
724 3127 748 3175 a
773 3100 1027 3198 magnitudine
1056 3100 1163 3172 aliter

124 3212 315 3310 distingui,
338 3213 409 3286 nisi
434 3213 535 3309 quod
560 3238 626 3310 per
655 3215 898 3310 quantitatem
925 3212 1164 3309 inteliigimus

74 3349 76 3351 ·
123 3325 367 3399 determinate
400 3336 557 3411 tantum,
597 3326 812 3423 magnitudo
848 3340 972 3399 autem
1009 3349 1082 3398 vox
1116 3325 1165 3399 sit

122 3438 327 3512 indefinita.
394 3437 511 3512 Video
545 3439 635 3511 item
665 3438 821 3512 aiteram
848 3450 933 3535 post
962 3437 1165 3511 adhibitam

123 3575 332 3626 mensuram
345 3553 729 3650 comparationemque
742 3577 825 3627 cum
840 3552 913 3626 alio
923 3564 1010 3626 actu
1020 3575 1164 3649 semper

123 3665 219 3750 dici;
244 3665 398 3740 alteram
424 3690 500 3739 non
529 3689 685 3762 semper.
746 3666 822 3739 Sed
847 3665 1015 3739 desidero
1041 3664 1163 3739 adhuc

122 3780 377 3854 definitionem
393 3804 581 3854 mearam.
633 3780 846 3853 Mirandum
874 3780 972 3853 enim
995 3791 1101 3869 esset,
1132 3779 1164 3853 si

123 3893 187 3991 qui
216 3893 441 3990 geometriae.
473 3916 584 3988 quam
610 3894 688 3966 sine
718 3895 991 3967 mensuratione
1018 3894 1163 3989 assequi

122 4030 232 4081 nemo
261 4020 397 4103 potest,
435 4008 554 4103 prima
582 4007 764 4104 principia
792 4008 927 4103 posuit,
959 4029 1164 4080 mensuram

121 4144 305 4217 nusquam
321 4119 522 4194 definisset.

172 4233 222 4306 A.
249 4231 425 4307 Definitio
442 4233 575 4333 partia
595 4232 779 4335 (subaudi,
804 4232 996 4331 aliquotae)
1027 4229 1164 4304 tradita

120 4347 169 4422 ab
191 4345 344 4420 Euclide
365 4347 472 4422 initio
495 4347 675 4421 Elementi
699 4346 830 4442 quinti,
859 4345 985 4441 paucis
1012 4344 1163 4418 mutatis

223 4480 318 4534 von.
337 4481 393 4534 lv.
1041 4479 1063 4530 c
