2888 5002
383 421 696 475 Mn‘rflunin'rlcm
717 422 958 476 HODIERNAE.
1120 409 1192 477 229

157 589 189 661 si
220 588 608 685 experimentorerum
624 589 846 662 naturalium
869 590 1022 663 scientia
1038 589 1194 664 dicenda
1230 618 1377 660 nnsocns

158 701 218 787 sit,
235 702 364 798 optimi
378 701 542 774 omnium
559 701 702 797 physici
719 714 804 774 sunt
821 703 1104 799 pharmacopoei.
1235 700 1373 807 „L

209 814 258 888 Β.
286 815 468 888 Caeterum
487 814 660 910 dogmata
677 813 832 888 aliorum
861 815 906 888 de
929 815 1058 889 iisdem
1083 818 1192 891 rebus

157 928 428 1001 consideremus
469 928 664 1024 paulisper.
733 928 897 1002 Luminis
932 953 1101 1026 qnaenam
1136 945 1193 1004 est

158 1065 267 1115 causa
285 1040 472 1115 efficiens?
524 1041 674 1130 Lumen,
693 1041 782 1115 dicit
803 1042 946 1139 aliquiS,
961 1053 1018 1116 est
1044 1068 1192 1142 corpus,

158 1157 263 1250 cajus
272 1152 488 1252 particula,
505 1164 678 1227 exeuntes
695 1179 716 1227 e
732 1153 820 1245 sole,
840 1164 1042 1252 penetrant
1068 1157 1192 1229 oculor

156 1268 379 1356 animalium,
398 1268 495 1341 ande
510 1266 645 1339 vident.
698 1266 837 1342 Quidni
863 1267 991 1340 eadem
1015 1269 1191 1343 facilitate

157 1394 196 1453 et
222 1381 375 1453 veritate
393 1379 519 1453 dicant
536 1380 647 1452 etiam
671 1381 841 1453 tenebras
858 1403 936 1454 esse
963 1385 1191 1477 corpuscula,

157 1518 239 1589 quae
256 1493 428 1566 exeuntia
445 1494 491 1565 ab
509 1492 632 1588 aliquo
660 1517 813 1588 corpore
841 1494 1035 1568 tenebroso
1067 1508 1104 1568 et
1128 1496 1192 1569 de-

155 1607 231 1679 lata
257 1605 306 1679 ad
331 1605 468 1695 oculos,
491 1605 632 1677 faciunt
656 1615 699 1678 ut
726 1629 801 1677 non
828 1606 987 1679 videant.
1042 1607 1191 1699 Lumen,

156 1719 247 1793 dicit
280 1719 384 1805 alius,
411 1733 449 1792 et
475 1719 591 1814 magis
621 1717 799 1793 accedens
827 1719 1104 1808 adventorem,
1133 1731 1191 1794 eat

155 1832 346 1906 inclinatio
376 1833 432 1904 ud
462 1841 605 1904 motura.
658 1831 730 1904 Sed
760 1832 799 1905 id
829 1833 928 1927 quod
953 1836 1031 1931 jam
1061 1835 1192 1908 estad

156 1959 298 2019 motum
316 1946 517 2035 inclinatio,
537 1946 626 2040 quid
643 1946 819 2042 impedire
836 1958 969 2042 potest,
987 1972 1033 2021 ne
1051 1973 1125 2021 non
1143 1951 1190 2022 sit

155 2060 234 2155 ipse
257 2059 403 2132 motus?
456 2060 495 2131 Si
521 2083 662 2154 quaeras
681 2084 764 2155 quae
791 2061 865 2133 sint
894 2084 1013 2136 causae
1040 2063 1124 2135 rori
1153 2077 1191 2136 et

156 2173 275 2258 densi,
288 2173 378 2245 dicit
390 2172 482 2245 alins
500 2173 599 2268 quod
616 2174 713 2247 idem
724 2198 867 2269 corpus
887 2199 958 2271 quo
977 2176 1058 2272 plus
1075 2201 1189 2272 quan-

155 2287 271 2359 titatis
288 2286 410 2374 habet,
429 2310 473 2358 eo
490 2287 619 2375 rarius,
633 2312 705 2383 quo
723 2287 854 2374 minus,
874 2313 917 2361 eo
936 2290 1081 2362 densius
1100 2314 1188 2362 esse.

157 2398 230 2473 Sed
248 2399 393 2494 quaeris,
415 2412 517 2495 puto,
542 2414 582 2472 tu
608 2425 680 2497 qua
709 2399 755 2473 de
776 2424 897 2488 causa,
913 2416 951 2473 et
978 2426 1050 2496 quo
1080 2415 1189 2496 pacto

156 2513 250 2586 effici
267 2525 401 2609 potest,
418 2525 461 2585 ut
477 2513 575 2586 idem
592 2537 745 2586 numero
757 2537 901 2608 corpus,
918 2514 957 2586 id
974 2527 1040 2602 est,
1059 2540 1190 2610 corpus

156 2625 225 2699 sibi
238 2649 380 2722 semper
393 2625 543 2723 aequale‚
555 2628 669 2722 possit
682 2628 817 2699 habere
828 2628 1070 2723 quantitatem
1081 2630 1190 2701 modo

155 2739 346 2825 minorem,
364 2739 472 2812 modo
490 2742 677 2835 majorem.

204 2852 254 2925 B.
280 2853 359 2948 Ego
377 2853 521 2926 veroid
539 2877 613 2926 non
631 2877 782 2949 quaero;
808 2853 883 2925 scio
903 2853 999 2925 enim
1017 2854 1117 2950 quod
1134 2866 1190 2927 est

155 2965 389 3062 impossibile.
443 2967 516 3040 Sed
543 2992 699 3063 corpora
726 2967 891 3040 videmus
918 2968 1026 3041 modo
1050 2969 1188 3064 augeri,

154 3080 264 3154 modo
284 3080 460 3163 diminui;
486 3106 568 3177 quae
584 3091 709 3154 tamen
726 3080 853 3154 eadem
871 3105 950 3154 esse
968 3081 1134 3154 dicimus,

206 3193 254 3267 A.
282 3194 365 3267 Non
391 3204 513 3266 autem
537 3195 633 3266 idem
664 3219 816 3267 numero
844 3218 976 3290 corpus
1001 3219 1079 3267 esse
1106 3220 1188 3289 pos-

154 3319 250 3397 sunt,
267 3307 339 3380 nisi
353 3307 450 3380 idem
468 3331 548 3380 esse
575 3331 723 3380 censeas
753 3318 873 3380 totum
903 3321 941 3380 et
967 3332 1064 3404 pars.
1116 3309 1190 3381 Sed

154 3420 234 3493 haec
251 3421 341 3492 nihil
359 3421 519 3494 attinent
535 3421 581 3493 ad
600 3420 748 3493 mam
766 3433 802 3493 et
820 3445 960 3495 raram.
1003 3423 1062 3494 An
1080 3436 1188 3519 putas

154 3532 252 3605 idem
270 3557 345 3622 vas,
364 3535 513 3630 plenum
531 3556 647 3630 aquae,
662 3535 779 3629 majus
796 3535 960 3606 minusve
979 3559 1067 3625 esse,
1080 3561 1188 3631 qnam

154 3646 184 3718 si
202 3645 351 3740 plenum
368 3659 463 3720 esset
477 3670 695 3742 quocunque
713 3647 784 3719 alio
802 3647 980 3743 corpore?

204 3759 252 3833 B.
279 3761 433 3833 Minime
450 3760 629 3856 profecto.

205 3872 251 3944 Α.
280 3872 440 3947 Quidam
464 3897 509 3945 ex
525 3872 751 3968 philosophis
769 3872 877 3968 hujus
904 3873 1015 3944 seculi
1043 3895 1189 3943 causam

154 3985 239 4056 ruri
255 3996 294 4057 et
312 3985 420 4058 deum
437 3986 595 4081 explicat
613 3984 683 4059 hoc
702 3985 824 4058 modo.
878 3985 916 4056 Si
930 3984 1018 4056 dato
1044 3985 1190 4076 corpori

154 4100 401 4174 immisceatur
418 4100 633 4197 quantitatis
650 4100 742 4196 plus,
759 4101 803 4172 fit
824 4123 971 4180 rarum;
998 4099 1027 4170 si
1056 4097 1189 4187 minue,

154 4211 318 4286 densum.

208 4326 256 4400 Β.
286 4327 416 4400 Nullus
447 4326 596 4400 omnino
625 4337 681 4399 est
710 4327 861 4399 effectus
879 4324 1069 4412 naturalis
1087 4323 1191 4418 cujus
