2888 5002
361 398 677 452 unruuuarrca·
696 397 940 450 uonruunn.
1106 377 1175 456 127

133 567 274 642 transit
284 567 323 640 t'tt
329 591 449 666 gms
460 565 899 654 mmmmanifoete
908 562 1034 662 prodit
1043 562 1177 636 harum
1216 587 1368 629 nraroous

132 706 255 755 rerum
273 681 521 777 ignorantiam
537 679 799 753 invincibilem
1215 669 1360 773 „2¹⁴

184 794 233 868 Β.
260 793 538 867 invincibilem?

182 909 231 982 A.
257 908 396 995 Talem,
424 908 589 1003 inquam,
610 928 694 1000 qnae
723 929 748 978 a
776 903 912 977 nullius
936 903 1097 977 hominis
1123 903 1178 976 al·

132 1022 247 1095 terius
275 1022 487 1119 ignorantia
519 1020 685 1114 superari
714 1028 849 1114 potest.
917 1017 1176 1116 Comparatio,

132 1136 266 1230 inquit,
293 1159 364 1208 non
393 1156 487 1207 raro
513 1131 691 1228 relinquit
719 1141 1019 1229 comparatorum
1043 1155 1177 1229 genus.

135 1247 314 1322 Concedit
330 1271 418 1343 ergo
437 1244 536 1341 qnod
552 1244 728 1340 relinquit
745 1256 1043 1341 comparatorum
1060 1268 1178 1341 genus

134 1359 343 1458 aliquando.
395 1358 490 1432 Sunt
506 1382 596 1454 ergo
619 1358 852 1455 comparatio
869 1369 908 1431 et
924 1367 1179 1454 comparatum

135 1472 331 1571 aliquando
353 1472 593 1567 homogenea
645 1471 824 1544 Praeclare
849 1495 917 1568 pro
946 1471 1066 1567 gradu
1092 1470 1178 1543 doc-

134 1588 242 1662 torali
260 1599 299 1659 et
315 1585 435 1659 officio
452 1584 668 1682 professoris
683 1585 910 1680 geometria.

186 1701 236 1775 B.
261 1698 356 1772 Vide
373 1722 511 1795 quaeso,
528 1697 672 1771 omissis
696 1722 779 1794 quae
796 1697 858 1770 ille
875 1697 1024 1785 erravit,
1043 1720 1090 1769 an
1109 1719 1180 1792 ego

136 1837 284 1889 sensum
300 1825 405 1886 tuum
422 1811 554 1885 dehac
572 1834 612 1883 re
629 1811 718 1885 satis
735 1812 891 1908 capiam
917 1810 1063 1883 Videris
1080 1810 1181 1883 enim

135 1940 178 2002 tu
207 1926 341 1999 sentire
364 1926 545 1999 rationem
568 1924 717 2013 rationi,
744 1925 1007 2021 geometricam
1033 1947 1182 2021 geome-

136 2041 252 2127 tricae,
270 2051 308 2112 et
331 2039 512 2112 rationem
538 2037 686 2126 rationi,
708 2038 979 2113 arithmeticam
1004 2039 1181 2112 arithme-

137 2153 233 2242 ticae,
249 2153 518 2250 homogeneam
534 2175 626 2225 esse.

187 2268 237 2340 Α.
263 2266 334 2340 Ita.

187 2380 236 2452 B.
262 2380 311 2452 Et
328 2380 510 2453 rationem
537 2379 800 2476 geometricam
817 2379 1061 2453 arithmetica
1078 2379 1181 2452 hete-

139 2515 346 2588 rogeneam

190 2605 239 2678 A.
265 2605 396 2678 Etiam.

188 2716 235 2791 B.
261 2718 309 2790 Et
335 2719 374 2791 in
402 2720 564 2816 quantis,
582 2718 718 2790 lineam
735 2717 853 2806 lineae,
872 2718 1103 2814 superficiem
1120 2741 1181 2791 su-

139 2832 312 2927 perficiei,
330 2844 368 2904 et
384 2831 541 2905 solidum
565 2829 683 2904 solido
702 2830 956 2927 homogenea;
982 2831 1047 2904 sed
1064 2833 1182 2906 altera

140 2944 264 3017 alteris
280 2944 535 3041 heterogenea.

191 3058 239 3130 Α.
266 3056 461 3147 Nimirum,
479 3058 532 3131 sic
549 3056 714 3129 sentiunt
731 3080 868 3130 omnes

190 3171 239 3243 B.
267 3170 340 3245 Sed
366 3172 624 3268 quantitatem,
649 3170 689 3242 in
714 3169 913 3259 abstracto,
930 3174 1181 3268 cujuscunque

142 3284 195 3358 rei
213 3285 420 3380 quantitati,
437 3286 476 3358 iu
493 3285 692 3372 abstracto,
710 3284 906 3379 cujuslibet
934 3284 1085 3359 alterius
1114 3287 1180 3376 rei,

140 3397 406 3494 homogeneam
419 3422 509 3488 esse,
521 3398 679 3493 ideoque
691 3396 883 3487 linearum,
894 3401 1182 3495 superficierum,

142 3511 352 3601 solidorum,
378 3511 566 3608 temporis,
589 3521 724 3600 motus,
740 3511 808 3599 vis,
825 3511 1009 3608 ponderis,
1027 3514 1183 3605 roboris,

142 3625 358 3699 resistentiae
374 3626 600 3721 quantitates
623 3647 704 3697 esse
728 3624 990 3722 homogeneas,
1006 3629 1077 3702 etsi
1093 3629 1184 3726 ipsae

143 3762 200 3812 res
228 3738 303 3811 sint
329 3738 596 3836 heterogenea.
648 3737 755 3829 Item,
773 3739 959 3837 loquendo
985 3742 1031 3816 de
1055 3743 1185 3817 iisdem

145 3851 254 3924 rebus
270 3851 473 3948 pluraliter,
491 3851 715 3947 quantitates
731 3853 891 3949 plurium
909 3855 1101 3947 linearum,
1125 3883 1185 3931 su-

143 3964 385 4059 perficierum,
397 3963 609 4053 solidorum,
620 3977 839 4062 temporum,
850 3981 1030 4060 motuum,
1040 3970 1186 4060 virium,

144 4078 359 4173 ponderum,
383 4079 684 4169 resistentiamm,
709 4104 790 4154 esse
819 4081 1081 4180 homogeneas,
1106 4096 1187 4158 tum

146 4191 240 4265 inter
256 4215 308 4281 se,
324 4203 405 4266 tum
421 4193 532 4267 etiam
549 4217 726 4282 numero;
752 4220 944 4272 numerum
969 4212 1094 4273 autem
1111 4224 1187 4277 non
