2888 4988
264 384 338 454 350
540 404 819 459 rsoannunns
838 406 1032 460 nursica,

90 588 158 632 oin.
169 591 211 633 v1.
314 568 363 644 B.
391 569 602 667 Suppositio
619 571 679 645 hio
697 571 906 646 adhibenda
923 585 979 647 est
991 596 1100 647 nova.

49 656 252 773 υῷᾙωω,
315 683 364 756 Α.
393 676 479 757 Non
498 685 623 759 omnia
639 708 728 783 ergo
745 686 914 761 continet
930 686 1057 783 pelvis.
1179 688 1182 692 ’

48 778 251 897 ffl’ffl'*
313 796 364 871 B.
392 797 492 872 Quid
509 798 586 872 ita?
638 798 850 895 Suppositio
868 798 966 873 enim
984 821 1096 894 quam
1112 795 1310 894 adjunctu-

262 932 326 984 rus
343 934 436 1001 sum,
454 935 530 985 non
548 911 735 986 obstabit:
763 935 845 1008 quae
870 912 951 986 baec
975 924 1043 1001 est,
1061 909 1162 1008 quod
1185 922 1311 983 motus

261 1021 324 1096 ille
338 1046 446 1119 quem
464 1023 640 1119 supposui
656 1022 696 1095 in
713 1034 825 1113 terra,
839 1023 928 1112 sole,
941 1035 980 1097 et
992 1023 1113 1113 astris,
1123 1033 1181 1096 est
1194 1021 1310 1095 etiam

260 1136 301 1211 in
318 1160 445 1210 eorum
463 1137 624 1210 minimis
640 1136 843 1234 particulis.
896 1137 995 1211 Nam
1018 1136 1049 1211 si
1072 1148 1196 1211 motus
1222 1136 1309 1210 talis

260 1250 300 1324 in
317 1248 448 1324 tellure
471 1272 600 1323 revera
618 1250 719 1340 insit,
737 1274 850 1347 quare
876 1250 1127 1325 dubitabimus
1147 1273 1197 1322 an
1219 1248 1311 1324 insit·

260 1361 373 1436 etiam
389 1362 429 1435 in
446 1362 600 1459 siugulis
616 1365 784 1460 partibus
801 1366 881 1462 ejus
903 1365 1082 1440 seorsim?
1134 1363 1232 1438 Nam
1250 1376 1310 1437 tu-

258 1486 340 1548 tum
357 1488 396 1548 et
412 1486 535 1572 partes
552 1476 717 1574 ejusdem
734 1490 821 1553 sunt
837 1488 992 1552 naturae.
1028 1477 1068 1551 Si
1081 1499 1166 1574 pars
1183 1476 1308 1574 aliqua

257 1598 367 1662 terrae
385 1588 709 1686 quantulacunque
721 1590 866 1664 sublata
878 1604 975 1665 esset
988 1614 1009 1664 e
1022 1613 1145 1664 rerum
1158 1604 1306 1681 natura,

257 1723 347 1774 num
364 1700 448 1775 ideo
466 1713 588 1776 motus
605 1701 666 1775 ille
683 1702 875 1776 tolleretur
890 1702 929 1776 in
945 1714 1053 1799 parte
1069 1702 1237 1799 reliqua?
1265 1704 1305 1778 Si

257 1829 469 1911 magnetem
491 1816 652 1912 franges,
669 1839 901 1913 unaquaeque
923 1839 1009 1912 pars
1032 1816 1111 1912 ejus
1127 1816 1305 1891 virtutem

258 1928 373 2002 totius
389 1930 575 2016 retinebit,
593 1953 802 2028 quanquam
819 1954 888 2027 pro
905 1931 1049 2004 ratione
1076 1929 1304 2027 magnitudi-

257 2041 316 2116 nis
333 2041 564 2117 diminutam.
616 2044 691 2118 Cur
707 2069 797 2142 ergo
820 2044 920 2119 idem
941 2069 1018 2119 non
1040 2045 1107 2119 fiet
1128 2044 1167 2118 in
1190 2044 1304 2141 parti·

256 2155 349 2229 culis
366 2155 500 2231 terrae?

307 2268 358 2342 A.
385 2269 633 2366 Supponatur.
684 2269 807 2367 Atque
824 2271 949 2354 etiam,
968 2269 1068 2366 quod
1084 2271 1193 2345 simul
1216 2294 1302 2345 oum

254 2405 353 2480 aqua
372 2383 475 2475 (nam
491 2382 599 2458 video
620 2407 695 2478 quo
719 2383 856 2479 tendis)
878 2383 1005 2458 multae
1028 2384 1067 2458 in
1090 2385 1206 2458 nubes
1227 2385 1308 2458 ele-

254 2507 389 2570 vantur
404 2520 428 2570 a
444 2497 567 2573 calore
584 2497 671 2571 solis
689 2497 804 2571 atomi
821 2509 963 2572 terreae.
1016 2495 1118 2571 Quid
1135 2496 1221 2572 inde
1244 2522 1302 2572 se-

254 2609 407 2706 quitur?

306 2721 356 2796 B.
384 2723 424 2796 Si
441 2723 557 2796 nubes
569 2722 732 2820 gravidae
745 2722 951 2819 permultae,
964 2723 1047 2797 aliae
1059 2724 1301 2799 ascendentes

252 2834 335 2909 aliae
353 2834 630 2926 descendentes,
649 2845 886 2921 concurrant,
902 2835 1113 2933 faciantque
1129 2861 1197 2934 per
1214 2862 1299 2911 con·

252 2971 401 3023 cursum
419 2950 670 3024 concavitates
687 2949 814 3046 plenas
831 2972 928 3038 aere,
945 2961 984 3022 et
1006 2974 1189 3024 concursu
1209 2975 1300 3026 con-

252 3059 397 3135 tinuato
415 3063 533 3158 spatia
549 3061 613 3135 illa
629 3086 720 3136 cava
738 3072 941 3151 coarctent,
955 3061 1009 3134 ita
1022 3074 1064 3135 ut
1076 3064 1122 3137 ab
1136 3066 1298 3160 expressi

252 3176 349 3248 aeris
369 3187 473 3249 motu
495 3177 560 3249 fiat
584 3174 741 3273 glacies:
774 3197 924 3247 necesse
945 3186 1002 3248 est
1023 3188 1066 3249 ut
1088 3178 1201 3250 atomi
1224 3178 1298 3251 illae

253 3298 397 3379 terrere,
409 3313 491 3385 quae
508 3312 642 3385 aquam
658 3313 735 3362 non
752 3299 829 3361 tam
845 3287 954 3362 facile
967 3302 1174 3385 penetrant,
1186 3291 1297 3363 relin-

251 3415 415 3499 quantur
427 3404 465 3476 in
483 3403 555 3476 illis
565 3402 795 3493 caritatibus,
808 3401 1009 3476 minoribus
1022 3403 1172 3477 tandem
1185 3428 1297 3500 quam

252 3539 320 3612 pro
350 3516 492 3590 ratione
520 3516 630 3612 spatii
659 3517 760 3612 quod
790 3516 936 3590 illarum
965 3527 1089 3591 motus
1119 3516 1294 3612 postulat.

252 3630 383 3727 ltaque
405 3630 531 3703 alterae
554 3630 593 3702 in
616 3629 750 3702 alteras
777 3629 996 3726 impingent,
1019 3641 1057 3702 et
1079 3644 1185 3704 motu
1207 3629 1295 3703 inde

249 3754 360 3817 aucto
386 3743 543 3840 glaciem
567 3743 703 3828 subito,
727 3742 838 3817 modo
862 3742 923 3816 bic
945 3742 1057 3816 modo
1085 3744 1172 3833 illic,
1197 3768 1293 3817 rum·

248 3872 351 3954 peut,
370 3870 410 3930 et
427 3880 506 3930 sese
524 3857 745 3944 liberabunt,
760 3856 923 3929 tonitrua
940 3869 980 3928 et
995 3856 1144 3952 fulgura
1156 3858 1294 3932 facien-

247 3981 304 4043 tes
317 3994 385 4067 pro
398 3994 553 4043 numero
563 3992 752 4042 carcerum
764 3969 1011 4042 effractorum.
1046 3970 1292 4067 Fulgurenim

247 4084 443 4180 phantasia
459 4095 516 4157 est
529 4084 575 4156 ab
593 4083 740 4155 actione
755 4083 850 4154 aeris
867 4083 906 4155 in
924 4083 1082 4157 oculum.

298 4195 344 4270 A.
374 4199 479 4294 Saepe
500 4198 611 4270 etiam
629 4218 760 4268 sereno
777 4195 871 4269 coelo
895 4221 963 4270 nec
988 4210 1144 4272 tonante
1166 4197 1293 4297 fulgur

248 4311 336 4400 vidi,
354 4314 558 4409 praesertim
576 4333 738 4408 vespere.
