2888 4988
295 365 370 445 478
700 381 755 434 ne
779 382 929 435 nunus

100 575 266 620 strennua
295 559 335 621 et
350 545 565 622 altitudines
582 549 869 646 reciprocantur.
913 547 1037 623 Quare
1057 546 1141 645 (per
1156 572 1265 647 prop.
1278 558 1341 639 34,

116 645 252 682 ’ῳ
295 661 411 734 Elem.
429 661 483 752 xi)
504 661 575 734 erit
591 662 709 735 cubus
727 661 838 736 aDM
859 661 991 753 (cubus
1002 675 1127 735 autem
1144 673 1201 736 est
1221 664 1344 759 paral-⁷

294 771 547 869 lelipipedum)
580 773 730 868 aequalis
758 773 1070 871 parallelipipedo,
1100 776 1207 871 cujus
1240 775 1343 849 basis

294 897 353 959 est
384 886 532 980 aqualis
565 885 745 983 quadrato
774 886 892 976 DElrl,
927 886 1085 960 altitudo
1118 888 1273 984 aequalis
1301 887 1342 961 ln

294 997 370 1073 sive
387 998 469 1072 AD.

344 1110 419 1186 Sed
435 1111 653 1209 quadratum
670 1110 779 1185 Dllltl
803 1113 943 1209 aeqnale
960 1122 1017 1189 est
1031 1112 1250 1209 reetangulo
1269 1113 1340 1186 sub

292 1224 375 1315 AD,
390 1225 469 1315 DV,
487 1225 527 1298 id
543 1237 612 1315 est,
632 1225 850 1323 reetangulo
868 1226 969 1299 MR:
995 1225 1340 1323 parallelipipedum

292 1350 416 1412 autem
434 1339 501 1412 sub
518 1339 734 1436 rectangulo
752 1340 831 1413 MR
848 1341 1000 1414 ductum
1016 1340 1057 1412 in
1069 1339 1139 1413 Oll
1155 1338 1339 1436 aequalem

291 1451 373 1540 AD,
391 1464 449 1525 est
475 1451 668 1525 dimidium
691 1453 776 1526 cubi
806 1452 920 1526 totius
936 1475 960 1525 a
975 1451 1090 1525 latere
1108 1449 1192 1539 AD,
1210 1451 1250 1525 id
1267 1464 1337 1540 est,

291 1564 429 1661 aequale
456 1576 616 1662 quatuor
641 1565 744 1638 cubis
766 1588 790 1638 a
810 1565 925 1639 latere
942 1565 1022 1638 DV.
1075 1565 1205 1661 Itaque
1232 1577 1339 1639 reeta

291 1676 369 1752 ΒΜ
396 1690 452 1751 est
482 1676 686 1750 mediarum
712 1676 866 1750 duarum
889 1677 987 1750 inter
1010 1677 1090 1767 AD,
1113 1675 1183 1749 DV
1204 1679 1336 1774 major,

291 1805 362 1868 eto.
418 1792 528 1869 Quod
545 1803 625 1866 erat
642 1792 983 1867 demonstrandum.

341 1906 543 1980 Ostendam
565 1907 644 2003 jam
674 1918 814 1980 rectam
838 1907 906 1980 DO
933 1907 1121 1980 semissem
1146 1930 1226 1981 esse
1251 1919 1336 1981 tan-

290 2020 414 2115 gentis
444 2027 492 2092 30
508 2017 702 2114 graduum.
756 2021 864 2093 Seoet
889 2019 956 2093 RO
984 2031 1125 2093 rectam
1150 2020 1207 2092 Ek
1227 2021 1267 2094 in
1287 2037 1334 2116 y}

290 2133 434 2227 eritque
451 2131 510 2228 Oy
523 2131 623 2205 sinus
637 2142 684 2206 45
702 2132 895 2228 graduum.
939 2133 1066 2229 Itaque
1083 2143 1239 2230 utraque
1256 2153 1337 2208 reo*

290 2258 412 2319 tarum
430 2243 503 2340 Ay,
518 2244 578 2316 Dlt
594 2245 745 2339 aequalis
763 2247 833 2320 erit
851 2244 932 2334 AB,
950 2246 1122 2320 videlicet
1147 2246 1257 2320 lateri
1278 2259 1336 2321 to-

290 2357 363 2432 tius
397 2357 567 2455 quadrati
597 2356 745 2434 ABCD.
804 2360 970 2434 Circulos
1004 2385 1093 2457 ergo
1126 2360 1336 2458 descriptus

289 2468 395 2544 radio
413 2468 478 2546 DC
498 2471 669 2545 transibit
685 2496 751 2568 per
769 2473 803 2564 l,
822 2484 859 2547 et
876 2473 1035 2548 circulus
1054 2473 1258 2570 descriptus
1276 2498 1336 2548 ra÷

291 2586 353 2660 dio
372 2585 440 2658 AB
458 2587 631 2660 transibit
647 2612 714 2684 per
730 2614 766 2684 y.

341 2698 378 2773 A
405 2712 545 2797 puncto
575 2726 600 2796 y
630 2702 793 2799 erigatur
820 2712 923 2774 recta
947 2727 994 2799 yn
1020 2701 1335 2798 perpendicularis

289 2813 359 2910 ipsi
377 2812 449 2908 Ay,
467 2836 596 2886 secans
613 2811 675 2887 BC
693 2815 732 2886 in
749 2855 780 2903 a,
798 2812 1096 2910 producaturque
1111 2840 1155 2910 ay
1172 2814 1220 2888 ad
1236 2815 1334 2888 latos

290 2924 356 3001 CD
374 2928 413 2999 in
431 2953 462 3000 a.
513 2926 597 2999 Erit
618 2950 707 3022 ergo
734 2927 958 3023 triangulum
982 2927 1051 3005 Cas
1074 2928 1333 3024 equinorum,

288 3051 328 3112 et
344 3039 469 3136 anguli
488 3041 567 3134 ejus
586 3039 634 3112 ad
651 3078 669 3110 a
688 3051 725 3113 et
742 3064 762 3112 a
780 3040 975 3114 semireeti.
1026 3040 1257 3114 Producatur
1279 3064 1333 3139 gr

288 3163 331 3225 ut
348 3164 448 3225 secet
465 3175 591 3224 areum
610 3152 664 3224 Ol
679 3152 717 3225 in
733 3160 768 3240 β,
782 3152 924 3249 eritque
941 3152 1098 3249 angulus
1116 3150 1204 3227 Ded
1220 3154 1333 3226 tertia

289 3288 374 3360 pars
397 3264 502 3337 recti.
556 3264 680 3339 Quare
708 3265 890 3361 producta
906 3265 963 3351 Do
978 3265 1090 3339 faciet
1113 3289 1198 3338 oum
1214 3266 1333 3346 latere

289 3375 352 3452 CB
370 3378 545 3473 angulum
565 3378 742 3472 aequalem
760 3378 902 3452 duabus
921 3378 1040 3452 tertiis
1056 3379 1160 3452 recti.

340 3490 525 3565 Quoniam
553 3503 677 3564 autem
702 3491 856 3587 angulus
883 3493 961 3588 Rya
978 3502 1035 3565 est
1050 3491 1276 3580 semitectis,
1294 3501 1334 3572 et

288 3604 444 3700 angulus
464 3602 551 3688 ono
568 3606 680 3678 tertia
701 3628 786 3702 pars
811 3605 916 3694 reeti,
942 3604 1054 3679 faciet
1073 3604 1130 3691 Do
1147 3603 1333 3701 producta

289 3741 373 3791 cum
387 3743 438 3814 μα
455 3719 630 3815 angulum
648 3718 773 3814 anguli
789 3718 883 3792 recti
899 3729 1042 3814 partem
1061 3730 1213 3791 sextam.
1257 3716 1333 3794 Sed

288 3832 443 3928 angulus
463 3833 556 3928 Ray,
574 3833 636 3929 qui
666 3832 777 3905 etiam
804 3843 862 3904 est
891 3831 1117 3917 semireetuS,
1142 3853 1217 3902 una
1245 3854 1331 3902 enm

289 3958 393 4017 sexta
416 3957 522 4042 parte
548 3945 640 4019 recti
664 3944 775 4016 faciet
793 3942 883 4016 duas
900 3945 1029 4017 tertias
1047 3943 1153 4017 recti.
1205 3943 1331 4017 Quare

285 4058 490 4152 juncta‘ad
517 4069 555 4132 et
585 4056 766 4154 producta
794 4057 933 4130 incidet
961 4057 1001 4130 in
1033 4056 1079 4130 D.
1141 4057 1205 4129 Est
1240 4079 1331 4150 ergo

290 4169 344 4246 Ca
360 4182 515 4268 tangens
533 4171 658 4268 anguli
677 4178 724 4246 30
741 4170 935 4266 graduum,
950 4182 987 4244 et
1004 4169 1090 4245 huic
1105 4170 1253 4266 aequalis
1265 4169 1329 4251 Ca,
