2888 4988
266 420 339 486 342
541 431 820 488 Pnonnannra
839 431 1033 485 Pnrslcn.

95 630 164 671 cm.
175 630 217 671 vr.
266 597 365 695 quod
381 622 520 673 novum
536 623 560 673 a
576 601 693 673 veteri
716 599 856 673 mundo
879 609 1038 697 separat,
1055 597 1310 673 Atlanticum.

55 700 254 814 mm,
265 734 379 810 snpra
410 737 492 810 quae
515 715 632 787 maria
657 714 713 788 sol
736 714 873 787 rectior
895 712 1035 787 incedit
1061 735 1173 808 qnam
1200 732 1314 807 supra

52 821 174 932 m
118 822 257 868 'ml'
220 836 414 916 '’caetera,
445 838 483 901 et
512 839 711 925 propterea
737 829 915 954 majorem
941 825 1028 899 inde
1058 825 1177 899 elevat
1204 846 1314 920 aquae

268 939 524 1036 quantitatem
577 940 671 1014 Quae
694 964 779 1013 cum
806 940 845 1013 in
874 939 1011 1012 nubem
1039 938 1229 1030 coaluerit,
1247 935 1313 1010 de·

268 1051 412 1128 scendit
428 1075 556 1126 rursus
572 1052 611 1124 in
628 1053 763 1149 pluvia.

319 1165 369 1239 A.
396 1165 437 1239 Si
463 1165 518 1238 sol
548 1188 695 1261 aquam,
720 1179 764 1238 ut
791 1163 897 1252 dicis,
920 1163 1053 1254 elevat,
1078 1185 1146 1236 cur
1175 1184 1252 1236 non
1275 1170 1314 1234 et

269 1278 450 1353 sustinere
467 1288 654 1375 potestne
671 1278 839 1352 recidat?

320 1392 370 1465 B.
404 1392 526 1465 Etiam
553 1393 764 1482 sustineret,
790 1390 913 1480 credo,
937 1390 1009 1463 nisi
1035 1389 1162 1463 multae
1188 1399 1314 1485 partes

269 1517 531 1578 concurrentes
564 1504 728 1602 pondere
763 1528 830 1578 suo
860 1504 936 1576 vim
971 1503 1177 1577 elevantem
1205 1526 1314 1600 supe-

268 1628 406 1692 rarent.

317 1731 368 1805 A.
395 1729 489 1805 Quae
508 1740 691 1804 causaest
708 1730 932 1804 concursus?

318 1841 367 1918 Β.
395 1843 582 1940 Quicquid
607 1843 737 1918 lationi
764 1866 893 1917 earnm
922 1865 963 1915 se
985 1842 1152 1940 opponit,
1169 1853 1208 1916 et
1230 1853 1314 1916 tan-

268 1958 384 2054 tisper
407 1958 543 2031 retinet
565 1956 654 2031 dum
684 1958 767 2032 aliae
792 1958 1084 2055 supervenerint,
1101 1968 1144 2030 nt
1170 1966 1314 2031 montes

269 2070 329 2144 vel
362 2080 506 2143 ventus.
570 2070 765 2159 Praeterea,
801 2069 949 2166 quando
981 2060 1153 2143 feruutur
1185 2093 1315 2143 uersus

174 2248 176 2254 .
269 2182 386 2280 polos,
405 2182 468 2255 nbi
486 2183 540 2255 vis
558 2183 644 2256 solis
661 2196 813 2280 propter
837 2183 1090 2279 obliquitatem
1109 2182 1230 2256 minor
1245 2194 1314 2273 est,

269 2295 368 2370 unde
382 2295 611 2369 descendunt
628 2296 806 2392 paulatim
822 2295 986 2392 pondere
1004 2319 1083 2369 suo.
1136 2294 1211 2368 Sed
1228 2297 1316 2391 quia

268 2408 413 2505 pondus
447 2408 539 2482 illud
568 2409 688 2483 tendit
712 2411 759 2482 ab
795 2410 896 2483 omui
924 2421 1030 2506 parte
1063 2408 1112 2482 ad
1145 2420 1315 2482 centrum

269 2537 390 2611 terrae,
404 2523 611 2597 necessario
629 2538 815 2619 coguntur
829 2521 1084 2597 descendendo
1101 2522 1140 2595 in
1155 2522 1316 2618 spatium

269 2637 420 2721 arctius,
438 2647 475 2709 et
493 2636 648 2732 guttulae
666 2647 843 2710 contactu
857 2634 1040 2710 'crescunt

320 2748 368 2822 Α.
395 2749 440 2822 Iu
461 2748 647 2824 altissimis
677 2750 864 2824 montibus
888 2774 954 2823 cur
971 2764 1048 2823 tam
1066 2771 1164 2846 saepe
1182 2747 1315 2844 ningit,

271 2874 348 2937 tam
366 2886 450 2936 raro
467 2861 591 2958 pluit?

322 2974 367 3049 B.
399 2975 497 3050 Quia
513 2998 668 3071 vapores
691 2975 824 3050 elevati
852 2997 963 3071 supra
980 2997 1141 3048 summos
1158 2985 1315 3062 montes,

271 3090 334 3163 nbi
351 3103 475 3162 motus
492 3089 587 3161 aeris
606 3100 661 3162 est
688 3089 908 3176 liberrimus,
933 3087 1066 3161 abillo
1091 3098 1195 3160 motu
1222 3088 1317 3160 aeris

272 3201 525 3298 congelantur,
537 3215 737 3298 antequam
754 3202 792 3274 in
809 3212 934 3297 guttas
948 3201 1179 3298 majusculas,
1191 3201 1318 3297 quales

271 3315 412 3389 faciunt
428 3315 602 3411 pluviam,
615 3316 804 3388 uniantur.
841 3313 1005 3388 Guttnlae
1022 3326 1147 3388 autem
1160 3315 1213 3387 sic
1231 3338 1317 3388 con·
1395 3363 1398 3368 ι

272 3428 404 3526 gelatae
422 3439 510 3501 snut
527 3428 603 3501 nix.

321 3539 366 3612 A.
395 3540 470 3614 Cur
495 3553 573 3614 tam
599 3564 684 3614 raro
708 3539 804 3636 pluit
830 3541 868 3613 in
885 3539 1059 3636 AEgypto,
1085 3562 1170 3612 cnm
1192 3551 1318 3613 tamen

271 3655 310 3728 in
341 3654 431 3727 locis
461 3655 641 3750 aequatori
667 3654 901 3750 propioribus
927 3654 1054 3752 pluvia
1073 3664 1178 3727 tauta
1202 3654 1252 3727 sit
1275 3664 1320 3728 ut

271 3766 357 3840 inde
376 3769 454 3841 Nili
472 3769 613 3842 oriatur
629 3768 851 3842 inundatio?

320 3882 370 3954 B.
399 3881 531 3966 Causa,
557 3894 601 3953 ut
629 3881 716 3970 dixi,
737 3879 985 3954 descensionis
1014 3878 1149 3977 pluviae
1175 3903 1262 3968 una,
1281 3891 1320 3953 et

269 3995 366 4068 forte
394 3995 566 4082 maxima,
585 4006 642 4067 est
659 3995 829 4068 collectio
846 3995 939 4067 etin
956 3994 1079 4066 nivem
1108 3993 1320 4089 inspissatio

270 4133 451 4204 vaporum
469 4108 569 4180 circa
588 4120 733 4180 montes
752 4131 919 4204 magnos,
938 4131 1021 4203 quae
1039 4108 1154 4180 Lunae
1171 4107 1320 4180 Montes

271 4223 522 4315 appellantur:
549 4222 734 4316 praecipue
762 4247 850 4296 vero
885 4223 1066 4295 existente
1097 4222 1173 4294 sole
1203 4246 1320 4318 prope

271 4335 578 4428 aequinoctialem,
590 4335 653 4430 qui
671 4359 804 4431 aquam
819 4348 907 4408 tunc
919 4336 1174 4432 potentissime
1189 4336 1320 4420 elevat,
