2888 4988
302 424 375 490 434
445 439 499 491 oa
518 437 749 492 PalNcu’lls
769 437 821 492 nn
839 436 1203 493 narroornarrona

108 630 176 671 cm.
192 631 268 671 xva.
301 603 386 693 lem,
404 606 498 679 ratio
521 615 534 679 1
557 605 606 680 ad
627 614 671 680 10
688 606 894 703 composita
906 618 964 678 est
977 629 1022 678 ex
1040 606 1244 680 rationibus
1268 605 1350 679 lad

102 702 264 812 mm
305 724 530 794 10011100
558 719 684 809 111110,
715 719 812 793 siout
838 729 957 792 totum
986 742 1032 792 ex
1061 719 1242 816 partibus,
1276 719 1350 793 erit

100 820 270 932 fffflgu*
300 831 395 904 ratio
417 840 432 905 l
456 830 504 904 ad
526 841 595 907 100
622 856 708 930 pars
735 832 891 906 rationis
914 841 928 905 1
951 830 1001 904 ad
1022 839 1078 906 10.
1132 831 1208 905 Sed
1228 843 1349 928 quota

299 943 409 1038 pars?
461 946 515 1018 Ea
531 946 671 1019 scilicet
687 970 784 1042 pars,
798 969 909 1042 quam
925 959 1126 1042 geometrae
1150 970 1250 1019 nune
1279 969 1347 1042 ap-

297 1057 437 1152 pellant
453 1059 747 1156 subduplioatam
764 1059 917 1133 rationis
940 1058 1018 1133 lad
1042 1067 1097 1133 10.
1136 1059 1235 1134 Quia
1251 1083 1345 1133 varo

297 1170 392 1243 ratio
415 1181 429 1245 1
451 1171 499 1245 ad
517 1180 587 1246 100
604 1172 724 1245 minor
747 1185 805 1246 est
827 1193 939 1269 quam
960 1172 1057 1246 ratio
1079 1181 1093 1245 1
1115 1171 1243 1261 ad10,
1270 1174 1346 1246 erit

296 1307 382 1379 pars
409 1293 423 1357 1
446 1284 494 1359 ad
521 1294 590 1359 100
617 1285 739 1359 minor
765 1309 877 1382 quam
904 1285 1045 1381 reliqua
1071 1308 1169 1381 pars,
1197 1297 1343 1382 quanto

296 1396 391 1469 ratio
408 1420 483 1470 una
500 1398 620 1471 minor
643 1408 700 1471 est
717 1422 828 1494 quam
846 1398 947 1490 duoe3
974 1411 1013 1472 et
1039 1409 1126 1472 sunt
1146 1400 1266 1473 ambae
1283 1423 1345 1472 ra·

295 1508 414 1583 tiones
436 1517 451 1583 1
472 1509 521 1583 ad
543 1519 612 1585 100
630 1520 669 1584 et
696 1519 766 1585 100
789 1510 838 1585 ad
860 1520 904 1586 10
921 1523 1048 1608 partes
1076 1512 1229 1586 rationis
1253 1522 1267 1586 1
1290 1512 1342 1586 ad

297 1630 354 1712 10,
373 1623 404 1695 si
430 1622 541 1697 modo
568 1624 664 1697 ratio
684 1632 754 1698 100
771 1623 820 1697 ad
841 1632 910 1699 100
931 1623 1029 1720 (quae
1051 1625 1236 1721 quantitas
1260 1649 1342 1700 non

291 1735 363 1828 est)
383 1759 451 1832 pro
468 1736 674 1833 quantitate
698 1746 956 1832 computatum
983 1736 1121 1833 alioqui
1145 1737 1241 1811 ratio
1266 1746 1340 1813 100

290 1847 338 1920 ad
361 1858 405 1922 10
419 1873 495 1922 non
512 1861 635 1946 potest
651 1872 731 1923 esse
747 1873 832 1946 pars
849 1849 1002 1923 rationis
1018 1859 1032 1923 1
1048 1849 1096 1922 ad
1114 1858 1170 1924 10.
1202 1850 1340 1947 Neque

290 1961 389 2034 enim
419 1961 503 2036 duae
529 1963 753 2060 quantitates
780 1962 915 2036 diversi
937 1963 1096 2058 generis,
1122 1963 1248 2059 quales
1276 1988 1339 2038 os-

290 2075 392 2149 tendi
409 2100 520 2173 supra
536 2100 615 2150 esse
631 2076 792 2150 rationes
809 2075 962 2150 minoris
978 2076 1028 2151 ad
1051 2077 1181 2171 majus,
1199 2087 1238 2150 et
1255 2099 1339 2151 ma-

285 2188 378 2284 joris
408 2188 456 2262 ad
485 2191 618 2280 minus,
648 2202 773 2286 partes
803 2188 966 2287 ejusdem
996 2189 1215 2286 quantitatis
1252 2213 1337 2265 essa

287 2313 453 2397 possunt.

337 2415 421 2490 Quo
439 2439 528 2511 ergo
545 2439 667 2506 sensu,
685 2417 841 2513 inquies,
864 2438 991 2489 verum
1009 2426 1063 2490 est
1081 2417 1255 2512 componi
1271 2441 1335 2492 ra·

286 2528 425 2602 tionem
448 2539 462 2603 1
483 2529 531 2602 ad
561 2537 668 2603 10111
693 2528 897 2603 rationibus
919 2537 933 2602 l
956 2526 1004 2602 ad
1026 2536 1095 2602 100
1119 2541 1157 2601 11
1188 2537 1256 2604 100
1281 2532 1334 2605 ad

290 2640 359 2714 10?
411 2642 643 2738 Respondeo,
661 2642 789 2714 verum
806 2663 886 2715 esse
910 2639 1113 2713 secundum
1129 2643 1333 2717 verborum

284 2777 430 2827 sensam
447 2755 649 2852 proprium,
667 2754 852 2844 nimirum,
871 2753 901 2827 si
914 2754 1009 2827 ratio
1032 2762 1101 2828 100
1115 2753 1163 2827 ad
1180 2764 1237 2846 10,
1249 2759 1331 2832 sive

284 2867 380 2940 ratio
404 2876 447 2942 10
465 2868 513 2941 ad
534 2878 565 2957 1,
583 2868 741 2942 addatur
764 2868 900 2941 rationi
923 2877 937 2941 1
959 2866 1008 2940 ad
1029 2875 1111 2956 100,
1137 2870 1240 2943 nasei
1266 2894 1330 2944 ra-

282 2979 423 3052 tionem
436 2982 676 3077 compositam
700 2991 714 3055 1
736 2980 784 3054 ad
801 2990 846 3056 10
859 2981 1037 3077 aequalem
1055 2980 1197 3056 duabus
1213 2984 1328 3058 ratio-

282 3093 390 3165 nibus
415 3103 427 3166 1
450 3092 497 3166 ad
521 3103 589 3167 100
608 3107 645 3167 11
668 3102 711 3168 10
729 3094 777 3167 ad
799 3103 829 3167 1.
849 3122 865 3156 ·2
883 3093 927 3167 Id
943 3092 1044 3189 quod
1058 3093 1201 3167 facilins
1218 3095 1328 3170 intel·

281 3204 385 3300 liges,
406 3206 437 3278 si
458 3206 561 3302 prius
585 3205 658 3279 duo
683 3207 745 3280 illa
768 3230 905 3303 genera
927 3206 1112 3279 rationum
1138 3209 1326 3302 quomodo

282 3330 464 3409 crescunt,
483 3321 710 3409 minuuntur,
728 3332 1012 3416 componuntur,
1031 3332 1069 3394 et
1092 3320 1251 3394 alterum
1275 3324 1325 3397 ab

281 3431 397 3505 altero
416 3433 673 3523 substrahitur,
693 3434 1052 3529 claretexplioavero.

332 3544 532 3619 Sumantur
555 3569 644 3641 ergo
661 3546 824 3642 quinque
848 3544 1120 3642 magnitudines
1148 3546 1325 3621 continue

280 3659 570 3754 proportionales
587 3660 625 3731 in
643 3660 784 3733 ratione
801 3660 952 3756 majoris
971 3658 1018 3733 ad
1036 3659 1176 3732 minus:
1199 3683 1324 3732 exem-

279 3772 330 3866 pli
342 3796 463 3859 causa,
478 3780 539 3860 81,
552 3778 613 3861 27,
625 3780 660 3864 9,
677 3781 712 3862 3,
730 3782 760 3861 1,
776 3797 929 3868 quarum
944 3772 1099 3846 inversae
1121 3781 1151 3860 l,
1163 3780 1199 3860 3,
1211 3781 1247 3861 9,
1259 3778 1323 3863 27,

281 3894 340 3972 81,
360 3885 501 3958 suntin
519 3886 662 3958 ratione
691 3887 868 3959 continua
884 3887 1036 3958 minoris
1054 3884 1101 3957 ad
1118 3887 1256 3980 majus;
1284 3898 1323 3958 11

278 3997 401 4070 media
418 3998 581 4069 omnium
600 4009 655 4071 est
672 4006 708 4069 9.
745 4000 789 4069 In
806 3998 875 4087 his,
890 3998 1100 4095 incipiendo
1114 4023 1136 4071 a
1149 3998 1322 4088 maxima,

279 4107 479 4183 desinendo
504 4111 543 4182 in
558 4110 690 4199 media,
710 4123 785 4183 tres
803 4111 931 4206 primae
955 4123 1040 4185 sunt
1064 4113 1224 4185 rationes
1243 4136 1320 4185 ma·

273 4223 365 4318 joris
384 4223 431 4295 ad
457 4225 600 4308 miuus;
627 4224 837 4320 incipiendo
859 4238 982 4297 autem
1006 4250 1028 4298 a
1045 4226 1208 4313 minima,
1227 4225 1322 4298 desi·

276 4335 397 4408 nendo
416 4335 454 4409 in
473 4337 606 4428 media,
625 4350 701 4412 tres
718 4340 848 4436 primae
871 4349 957 4414 sunt
982 4339 1142 4413 rationes
1166 4338 1320 4412 minoris

274 4449 321 4521 ad
339 4450 468 4545 majus
