2888 5002
325 1340 568 1425 CONTRA
599 1341 978 1426 GEOMETRAS.

183 1880 355 1956 Contrua
384 1893 604 1978 geometras,
635 1882 752 1957 amice
785 1882 912 1969 lector,
941 1905 1016 1955 non
1043 1891 1173 1955 contra

132 1994 373 2090 geometriam
407 1995 488 2069 haec
522 1996 653 2068 scribo.
717 1996 848 2069 Artem
880 1995 1011 2092 ipsam,
1037 1995 1173 2069 artium

133 2108 344 2203 navigandi,
378 2107 597 2197 aedificandi,
632 2107 820 2206 pingendi,
850 2107 1100 2205 computandi,
1136 2117 1174 2181 et

134 2219 291 2316 denique
324 2221 501 2311 (scientiae
532 2221 697 2294 omnium
730 2221 981 2316 nobilissimae)
1012 2221 1173 2318 physicae

132 2345 300 2423 matrem,
315 2358 420 2432 aeque
436 2358 480 2407 ao
491 2334 555 2430 qui
570 2334 728 2407 maxime
745 2333 913 2408 laudibus
927 2334 1173 2408 extollendam

133 2469 276 2520 censeo.

184 2560 370 2634 Caeterum
387 2559 450 2634 ubi
466 2572 666 2656 geometrae
677 2559 851 2633 encomiis
866 2559 955 2633 artis
966 2584 1077 2657 quam
1088 2584 1174 2657 pro·

133 2675 295 2763 fitentur,
319 2674 488 2771 imperite
515 2698 563 2747 an
590 2683 709 2747 astute
736 2673 872 2757 nescio,
895 2696 979 2747 suas
1010 2675 1173 2770 ipsorum

131 2786 259 2860 laudes
287 2788 508 2874 immiscent,
526 2787 668 2860 licitum
695 2787 797 2876 mihi,
814 2798 919 2884 puto,
945 2788 1016 2861 erit
1043 2786 1173 2861 distin-

131 2923 256 2994 guere.
311 2899 506 2975 Quomodo
534 2911 657 2975 autem
681 2900 873 2974 scientiam
899 2901 995 2974 hano
1023 2899 1173 2974 laudare

132 3012 273 3086 soleant
290 3013 456 3110 magistri
470 3015 561 3110 ejuS,
576 3037 620 3086 ex
638 3037 713 3087 uno
728 3013 854 3087 Clario
872 3013 1077 3110 intelligere
1090 3036 1174 3110 pos·

132 3149 270 3215 sumuS,
287 3126 462 3200 laudante
485 3127 586 3199 illam
613 3127 653 3199 in
679 3127 950 3225 Prolegomenis
975 3127 1025 3201 ad
1049 3126 1173 3200 Eucli-

133 3239 217 3313 dem
233 3238 304 3313 hoc
320 3239 453 3313 modo:
481 3239 557 3314 “Si
573 3262 661 3312 vero
680 3240 850 3313 nobilitas
868 3251 980 3336 atque
996 3250 1173 3336 praestan·

132 3353 186 3426 tia
202 3352 364 3426 scicntiae
381 3376 428 3425 ex
441 3351 662 3425 certitudine
676 3351 1030 3426 demonstrationum
1041 3352 1173 3449 quibus

131 3466 261 3550 utitur,
288 3465 337 3539 sit
365 3464 589 3562 judicanda:
625 3463 725 3538 haud
760 3465 871 3538 dubio
904 3465 1173 3539 mathematicae

133 3579 333 3675 disciplioae
349 3580 446 3652 inter
460 3590 756 3663 caeterasomnes
769 3578 971 3676 principem
984 3578 1174 3652 habebunt

131 3691 264 3765 locum.
309 3692 573 3767 Demonstrant
596 3693 695 3791 enim
718 3693 853 3781 omnia,
870 3691 916 3766 de
936 3692 1069 3789 quibus
1093 3715 1174 3766 sus·

132 3806 275 3903 cipiunt
302 3806 600 3903 disputationem,
618 3806 833 3879 firmissimis
853 3805 1068 3894 rationibus,
1085 3827 1173 3878 con·

131 3921 354 4016 firmantque
370 3919 424 3992 ita
439 3931 481 3993 ut
498 3943 582 3993 vere
595 3920 786 3993 scientiam
804 3920 844 3992 in
859 3918 1037 3993 auditoris
1049 3916 1173 3991 animo

130 4033 298 4130 gignant,
317 4056 537 4130 omnemque
554 4055 705 4129 prorsus
729 4030 995 4106 dubitationem
1018 4029 1172 4105 tollant:

130 4145 170 4219 id
187 4146 287 4243 quod
304 4146 384 4219 aliis
398 4146 560 4220 scientiis
577 4147 639 4219 vix
661 4146 835 4235 tribuere,
853 4146 946 4219 etc.'’
998 4145 1047 4218 Et
1061 4143 1173 4241 paulo

132 4258 251 4332 infra:
291 4259 540 4356 “Disciplina
564 4259 833 4334 mathematicae
861 4259 1055 4334 veritatem
1080 4257 1172 4333 adeo

131 4384 323 4468 expetunt,
353 4372 539 4463 adamant,
574 4373 833 4469 excoluntque,
867 4385 910 4448 ut
946 4397 1022 4447 non
1055 4373 1172 4448 solum
