2888 4988
91 635 160 696 cnr.
175 633 251 678 xvn.

97 705 241 738 νῆα-ν

85 763 209 821 Responsio
220 762 250 806 sd

86 827 189 888 quadem
199 841 259 886 qua·

86 894 130 938 sita
140 891 221 938 chin.

283 429 356 510 430
427 440 482 492 nn
502 439 733 498 nnmcu’us
754 439 805 491 nr
824 438 1189 492 nsrrocurnrronn

285 609 397 706 duplo
415 609 594 681 minorem
611 631 692 681 esse
710 607 854 680 ratione
874 616 887 682 1
906 608 954 682 ad
972 617 1008 698 3,
1021 617 1219 705 propterea
1230 604 1335 704 quod

285 736 373 797 sunt
406 724 525 796 ambae
559 723 721 796 rationes
755 719 934 795 defectus.
999 723 1184 797 Quoniam
1215 721 1336 817 igitur

285 837 379 911 ratio
403 847 413 910 1
436 836 525 910 ad9
549 835 661 932 duplo
688 836 811 911 minor
835 850 893 910 est
921 860 1031 933 quam
1058 837 1154 910 ratio
1178 846 1192 909 1
1215 835 1266 909 ad
1297 842 1335 922 3,

285 949 523 1023 manifestum
555 960 612 1023 est
637 949 819 1023 rationem
841 958 857 1024 l
884 949 934 1023 ad
956 959 979 1023 3
1009 949 1122 1047 duplo
1152 950 1336 1046 majorem

287 1087 368 1137 esse
385 1087 495 1159 quam
512 1062 608 1135 ratio
631 1072 645 1135 1
667 1061 715 1135 ad
732 1071 769 1137 9.

339 1177 410 1250 His
427 1175 637 1265 intellectis,
656 1173 925 1249 ostendendum
940 1185 995 1249 est
1016 1175 1200 1272 quomodo
1216 1174 1258 1247 in
1276 1173 1338 1247 his

286 1288 449 1363 numeris
468 1297 499 1361 1.
518 1296 687 1377 100.10.,
709 1288 803 1361 ratio
831 1297 843 1360 1
875 1287 925 1361 ad
957 1297 1001 1363 10
1025 1289 1262 1386 componitur
1288 1311 1340 1361 ex

288 1403 493 1476 rationibus
515 1410 529 1474 l
551 1402 600 1475 ad
622 1409 691 1476 100
709 1415 747 1475 et
769 1409 839 1476 100
856 1401 906 1475 ad
927 1410 983 1476 10.

208 1560 211 1567 ·
340 1515 525 1597 Quoniam
543 1515 642 1588 enim
667 1515 829 1589 rationes
852 1522 922 1589 100
939 1515 988 1588 ad
1009 1523 1054 1590 10
1071 1525 1109 1589 et
1130 1524 1175 1590 10
1193 1515 1242 1589 ad
1266 1522 1341 1588 100

288 1628 398 1702 simul
422 1628 560 1702 additae
582 1628 724 1702 faciunt
750 1628 932 1701 rationem
957 1628 1190 1725 aequalitatis,
1209 1629 1343 1716 idest,

289 1741 408 1816 altera
424 1742 574 1815 alterius
592 1742 836 1838 quantitatem
854 1741 1050 1839 extinguit,
1068 1743 1224 1816 restabit
1241 1742 1344 1815 ratio

295 1854 376 1929 lad
399 1863 443 1929 10
459 1877 527 1952 pro
554 1878 697 1928 summa
720 1855 904 1928 rationum
926 1865 940 1929 1
969 1855 1018 1930 ad
1040 1864 1109 1930 100
1133 1869 1171 1930 et
1195 1864 1266 1930 100
1289 1854 1346 1928 ad

296 1975 362 2041 1οε
390 1968 511 2063 utqui
539 1991 652 2041 unum
678 1967 823 2042 dederit
847 1969 989 2043 carenti
1012 1969 1168 2061 duobus,
1185 1968 1279 2043 facit
1295 1979 1346 2042 nt

292 2092 417 2155 careat
435 2082 692 2156 tantummodo
709 2107 798 2156 uno.

343 2193 467 2289 Atque
483 2195 554 2268 hoc
572 2208 700 2268 exacte
718 2195 891 2270 convenit
908 2219 992 2268 cum
1010 2195 1093 2270 Des.
1109 2206 1143 2270 5.
1158 2196 1276 2270 Elem.
1290 2195 1347 2269 vi.

293 2305 392 2378 Nam
408 2306 668 2381 antecedentes
686 2309 872 2382 rationum
891 2316 904 2380 l
923 2307 971 2381 ad
989 2316 1058 2382 100
1072 2320 1112 2382 et
1133 2317 1202 2384 100
1215 2309 1266 2382 ad
1284 2316 1348 2398 10,

293 2431 381 2494 sunt
413 2429 425 2493 1
460 2431 499 2494 et
533 2428 622 2494 10οε
649 2432 919 2518 consequentes
949 2430 1072 2495 autem
1105 2430 1175 2496 100
1202 2422 1251 2495 ad
1284 2430 1348 2496 10.

294 2532 564 2607 Antecedentes
581 2533 620 2606 in
636 2558 676 2607 se
694 2533 946 2631 multiplicatae
962 2532 1104 2608 faciunt
1125 2543 1195 2609 100
1215 2563 1223 2607 :
1240 2525 1347 2608 ¹con-

296 2658 490 2741 sequentes
508 2658 633 2720 autem
657 2647 910 2744 multiplicatae
934 2647 1033 2721 inse
1055 2647 1197 2721 faciunt
1220 2656 1348 2723 100οε

296 2757 363 2831 sed
379 2759 475 2831 ratio
497 2766 567 2832 100
584 2759 632 2834 ad
651 2767 745 2834 1000
759 2759 888 2834 eadem
906 2771 963 2833 est
980 2784 1065 2833 cum
1081 2761 1222 2834 ratione
1240 2785 1347 2835 com-

295 2872 416 2969 posita
436 2881 449 2944 1
472 2871 520 2944 ad
542 2880 597 2946 10.
638 2873 885 2970 Componitnr
902 2898 992 2971 ergo
1009 2874 1171 2948 iteratio
1195 2883 1208 2948 l
1231 2875 1279 2949 ad
1300 2883 1347 2949 10

297 3008 344 3059 ex
369 2985 574 3059 rationibus
597 2994 612 3059 l
643 2987 691 3061 ad
723 2995 793 3062 100
817 2998 855 3061 et
886 2996 955 3062 100
981 2987 1029 3061 ad
1064 2996 1121 3077 10,
1149 2999 1192 3060 ut
1217 2999 1347 3083 partes

298 3111 562 3195 componentes
580 3100 655 3172 sint
671 3123 757 3172 vere
784 3110 909 3196 partes
937 3100 1091 3174 rationis
1115 3100 1346 3197 compositae.

300 3210 374 3284 Sed
391 3211 553 3285 rationes
576 3220 590 3284 l
612 3212 661 3285 ad
683 3221 752 3287 100
771 3224 809 3285 et
826 3215 897 3286 100
910 3212 958 3287 ad
974 3221 1018 3287 10
1031 3238 1107 3286 non
1120 3226 1206 3288 sunt
1216 3224 1348 3310 partes

300 3322 465 3421 ejusdem
495 3324 649 3398 rationis
677 3326 891 3423 compositae
914 3325 999 3399 lad
1026 3335 1091 3401 1οε
1118 3350 1238 3425 neque
1264 3349 1347 3400 esse

301 3447 466 3534 possunt,
485 3460 570 3510 cum
587 3439 662 3512 sint
680 3439 814 3512 diversi
830 3438 976 3535 generis
992 3439 1164 3512 rationes.

351 3549 463 3623 Vides
480 3573 568 3647 ergo
586 3551 767 3624 rationem
785 3552 1009 3649 duplicatam
1034 3551 1184 3648 duplam
1202 3575 1348 3648 quoque

303 3685 393 3750 esse,
411 3663 484 3735 hoc
508 3675 566 3736 est
592 3662 704 3760 duplo
721 3666 898 3760 majorem
916 3688 995 3738 esse
1018 3664 1163 3737 ratione
1180 3689 1261 3758 quae
1279 3664 1349 3737 du-

303 3777 432 3874 plicari
456 3776 602 3850 dicitur.
656 3778 707 3851 Ut
734 3778 773 3850 in
801 3778 930 3851 iisdem
957 3777 1294 3876 proportionalibus
1317 3785 1349 3866 l,

309 3897 463 3979 10,100‚
482 3890 577 3962 ratio
596 3890 762 3964 defectus
785 3901 799 3965 1
822 3891 870 3963 ad
893 3901 975 3981 100,
995 3892 1181 3988 duplicata
1208 3902 1264 3964 est
1290 3913 1351 3961 ra-

304 4003 416 4075 tionis
444 4003 608 4076 defectus
641 4011 685 4077 10
712 4004 759 4076 ad
789 4012 858 4077 100
890 4004 1092 4100 (duplicata
1118 4004 1258 4078 scilicet
1285 4003 1352 4077 de-

303 4114 422 4188 fectus
446 4115 628 4210 ratione):
655 4129 693 4189 et
717 4129 914 4213 propterea
940 4118 1050 4190 etiam
1081 4118 1192 4215 duplo
1220 4120 1352 4213 major,

306 4228 392 4324 quia
408 4228 565 4303 sublatio
583 4229 748 4304 defectus
766 4232 1010 4326 quantitatem
1027 4243 1150 4328 auget.

356 4341 552 4418 Manifeste
571 4344 657 4419 hino
670 4345 837 4441 sequitur
849 4345 1039 4421 theorema
1052 4345 1123 4421 hoc
1134 4345 1353 4421 universale.
