2888 4988
288 415 363 482 448
434 430 489 484 DE
508 431 741 484 PRINCIPIIS
761 431 812 484 ΕΤ
831 430 1193 484 ΒΑΤΙΟΟῙΝΑΤῘΟΝΕ

106 623 175 664 cnr.
187 624 240 667 xx.
289 597 365 689 Rd,
378 598 632 697 productaque
644 610 687 673 ut
704 610 804 674 secet
820 599 886 690 bu,
900 599 1087 673 abseoabit
1104 610 1248 672 sextam
1259 599 1340 694 ejus

90 694 271 804 ΜΨ
287 723 445 808 partem,
471 724 624 810 propter
648 713 725 802 Ad,
744 712 796 785 bo
823 714 863 786 in
885 712 1070 808 triangulo
1094 711 1189 785 Rha
1213 712 1340 808 paral·

42 848 49 863 ·
89 815 175 861 Μ
288 826 389 900 lelas.
417 827 543 901 Quare
557 827 745 900 absecabit
761 826 800 899 in
823 825 871 899 ba
888 838 1028 899 rectam
1045 826 1222 923 aequalem
1240 824 1339 898 sinui

287 962 395 1013 arcus
414 940 482 1013 Bc.
537 939 649 1014 Quod
676 939 900 1037 impossibile
925 951 993 1026 est,
1012 938 1081 1013 nisi
1101 939 1153 1013 bu
1170 950 1340 1013 transeat

286 1075 353 1149 per
369 1076 414 1126 c:
439 1077 523 1126 eum
540 1053 590 1126 sit
605 1065 649 1125 ut
664 1053 732 1126 Ad
749 1051 892 1147 (ss-AD)
912 1052 961 1126 ad
978 1052 1060 1138 AD,
1078 1053 1132 1126 ita
1156 1052 1258 1126 sinus
1276 1075 1339 1125 ar-

288 1188 354 1239 cus
377 1166 436 1239 Bo
462 1166 511 1241 ad
537 1165 746 1263 sextuplum
777 1166 898 1240 sinum
925 1188 1033 1240 arcus
1064 1165 1135 1238 Bc.
1184 1165 1339 1238 Transit

288 1301 377 1374 ergo
395 1277 448 1351 ba
461 1301 528 1374 per
547 1303 580 1352 e.

337 1390 478 1465 Eodem
496 1391 619 1482 modo,
637 1391 669 1465 si
681 1415 789 1466 arcus
807 1391 866 1464 Be
884 1403 1030 1466 secetur
1047 1390 1227 1479 bifariam,
1241 1390 1337 1463 fient

287 1526 394 1578 arcus
410 1504 626 1595 duodecem,
640 1517 679 1580 et
706 1505 807 1579 sinus
831 1504 1034 1578 eorundem
1059 1503 1242 1577 totidem:
1269 1503 1336 1600 qui

287 1615 389 1690 sinus
416 1640 560 1713 semper
590 1630 711 1707 erunt,
737 1617 845 1692 simul
874 1618 1024 1715 sumpti,
1052 1618 1212 1690 minores
1244 1641 1337 1691 arou

288 1730 368 1818 BD,
395 1731 553 1826 majores
578 1743 703 1804 tamen
733 1743 835 1805 reeta
861 1729 923 1806 ba.
976 1730 1117 1804 Eadem
1143 1731 1336 1820 methodo,

286 1842 484 1917 biseeando
518 1843 557 1917 in
590 1856 823 1941 perpetuum,
854 1843 999 1918 ostendi
1028 1855 1164 1940 potest,
1191 1859 1337 1918 rectam

289 1980 434 2030 omnem
454 1955 603 2030 ductam
622 1957 718 2031 infra
736 1957 794 2030 BS
812 1957 954 2053 ipsique
970 1957 1196 2053 parallelum,
1209 1958 1336 2030 termi-

288 2081 417 2142 natam
444 2070 483 2142 in
500 2070 612 2144 rectis
630 2070 708 2158 AB,
721 2070 796 2158 DS,
814 2070 993 2143 minorem
1021 2093 1100 2143 esse
1130 2093 1217 2143 areu
1247 2071 1337 2144 BD:

287 2193 337 2274 et,
354 2207 421 2280 per
437 2207 675 2281 consequens,
694 2195 832 2257 rectam
851 2182 922 2272 BS,
940 2183 1184 2280 compositam
1205 2207 1251 2256 ex
1274 2208 1336 2256 ra-

287 2297 352 2371 dio
366 2310 404 2371 et
421 2308 598 2394 tangente
614 2305 662 2374 30
673 2297 866 2394 graduum,
880 2320 955 2371 non
969 2320 1047 2371 esse
1064 2320 1154 2371 arou
1173 2298 1239 2371 BD
1257 2323 1338 2370 ma-

284 2411 418 2506 jorem.
469 2411 595 2485 Minor
612 2423 736 2484 autem
753 2434 926 2484 essenon
943 2422 1091 2506 potest:
1119 2435 1202 2484 eum
1231 2412 1337 2485 loeus

288 2525 411 2597 nullus
427 2523 594 2599 ulteriori
615 2524 811 2598 biseetioni
829 2523 979 2598 relictus
996 2525 1056 2597 sit.
1107 2524 1228 2597 Etiam
1246 2549 1336 2621 geo-

287 2649 414 2711 metrae
432 2663 558 2713 0mnes
575 2638 638 2736 qui
655 2637 948 2734 magnitudinem
966 2637 1094 2710 circuli
1112 2638 1336 2712 determina-

288 2763 389 2842 runt,
407 2776 534 2826 aroum
562 2755 627 2828 BD
650 2752 791 2826 faciunt
814 2753 992 2824 minorem
1011 2775 1120 2849 quam
1150 2763 1206 2825 est
1231 2765 1338 2826 recta

289 2865 360 2938 BS.
398 2866 524 2940 Habes
542 2890 630 2962 ergo
644 2865 995 2939 demonstrationem
1009 2863 1244 2961 quadraturae
1262 2867 1336 2938 oir-

289 2978 364 3052 euli
381 2981 502 3053 verbis
526 2978 627 3054 haud
644 2980 761 3053 multo
777 2979 943 3076 pluribus
959 3003 1071 3076 quam
1087 3002 1168 3076 quae
1185 2989 1270 3053 sunt
1295 2982 1335 3054 in

290 3094 575 3168 constructione.

343 3205 482 3280 Coroll.
501 3208 525 3279 i.
560 3206 600 3280 Si
613 3208 792 3303 jungatur
809 3215 912 3279 reeta
929 3205 995 3278 RG
1010 3228 1139 3278 secans
1159 3204 1225 3278 AD
1246 3206 1286 3279 in
1289 3207 1336 3304 f,

289 3319 473 3416 producta
488 3318 541 3392 bu
558 3319 597 3392 in
615 3343 648 3409 e,
662 3328 701 3392 et
712 3316 771 3391 BS
784 3317 822 3391 in
839 3318 865 3407 i,
880 3319 951 3392 erit
969 3318 1021 3392 Bi
1037 3319 1150 3393 tertia
1162 3343 1247 3416 pars
1257 3343 1337 3393 ree·

290 3444 339 3507 tae
357 3432 428 3521 BS,
446 3443 485 3506 et
499 3431 650 3528 aequalis
667 3430 770 3504 arcui
789 3431 853 3506 BG
870 3461 879 3514 ;
898 3441 935 3504 et
952 3429 1000 3503 be
1016 3432 1167 3526 aequalis
1185 3433 1337 3506 ehordae

290 3547 380 3631 BG;
406 3559 447 3619 et
472 3545 538 3640 Af
558 3543 707 3641 aequalis
734 3544 839 3619 radio
868 3544 996 3618 circuli
1026 3545 1132 3640 eujus
1150 3545 1337 3641 quadrans

289 3659 439 3757 aequalis
466 3672 522 3733 est
548 3660 650 3733 arcui
678 3658 767 3742 BG;
793 3670 832 3731 et
849 3656 919 3730 Ad
944 3658 1070 3731 radius
1097 3681 1205 3732 arcus
1229 3662 1336 3754 cujus

289 3773 473 3869 quadrans
495 3773 625 3845 circuli
643 3771 794 3868 aequalis
818 3783 874 3842 est
899 3771 1003 3843 arcui
1023 3771 1104 3844 Bc:
1133 3783 1170 3844 et
1196 3773 1233 3844 in
1252 3773 1336 3845 uni·

288 3910 447 3974 versum,
466 3910 593 3959 omnes
621 3897 733 3958 reotoe
758 3884 880 3957 ductae
906 3885 952 3957 ab
981 3885 1083 3957 Rad
1111 3909 1237 3957 arcum
1257 3883 1334 3973 BG,

290 4001 467 4073 secabunt
485 3998 553 4096 Af,
571 4010 609 4071 et
626 4020 751 4071 areum
764 3996 840 4086 BG,
854 3997 892 4068 in
906 3998 1051 4070 ratione
1070 3997 1163 4071 radii
1181 3997 1229 4071 ad
1247 4022 1334 4093 qua·

290 4112 459 4187 drantem
477 4137 499 4186 a
517 4137 555 4185 se
573 4111 809 4207 descriptum.
861 4111 917 4183 Ex
941 4134 1014 4205 quo
1032 4111 1199 4207 sequitur
1215 4110 1335 4184 facilis

290 4226 419 4300 divisio
438 4249 545 4299 arcus
569 4225 644 4298 sive
667 4224 793 4322 anguli
817 4225 856 4298 iu
882 4223 1025 4298 ratione
1051 4224 1149 4316 data,
1169 4236 1211 4298 ut
1238 4224 1335 4298 infra

288 4340 432 4436 patebit
449 4338 496 4413 ad
515 4363 595 4435 cap.
615 4337 718 4413 xxiii.
