2888 5002
381 410 693 466 uernnnmmcm
712 408 956 461 Romanum.
1107 393 1197 459 215.

469 748 717 803 PROPOSITIO
737 748 863 801 xv111.

199 903 367 977 Invenire
385 915 552 979 centrum
564 903 755 1000 gravitatis
768 900 949 998 segmenti
963 896 1079 990 BCB,
1098 922 1185 972 con-

150 1017 243 1088 tenti
260 1040 348 1089 arcu
366 1016 580 1113 quadrantis
597 1029 635 1089 et
651 1017 826 1089 subtensa
841 1038 948 1088 arcus
965 1011 1047 1086 BC.

201 1128 355 1202 invento
394 1141 521 1203 centro
562 1128 752 1225 gravitatis
794 1126 970 1223 trianguli
1006 1124 1187 1198 rectilinei

152 1238 270 1329 ABG,
304 1243 370 1315 fiet
398 1255 441 1315 ut
472 1253 701 1338 segmentum
735 1238 840 1314 BCB
882 1239 929 1311 ad
963 1237 1187 1333 triangulum

150 1354 270 1442 ABC,
298 1354 352 1427 ita
378 1354 552 1428 distantia
580 1355 678 1427 inter
712 1365 842 1426 centra
874 1352 1066 1448 gravitatis
1097 1374 1187 1446 qua-

151 1467 292 1540 drantis
310 1467 417 1540 ABC
437 1480 474 1540 et
496 1466 670 1562 trianguli
687 1464 796 1540 ABC
814 1465 862 1539 ad
879 1465 1000 1538 aliam.
1050 1464 1100 1537 Et
1125 1463 1188 1536 illa

149 1582 301 1654 inventa
316 1592 476 1677 ponatur
493 1605 516 1654 a
532 1592 671 1677 puncto
689 1613 707 1650 ν
723 1602 850 1652 versus
863 1601 989 1652 arcum
1002 1577 1042 1649 in
1060 1575 1187 1649 eadem

150 1694 337 1782 rectario,
360 1717 491 1790 nempe
509 1717 566 1782 vr,
590 1704 628 1766 et
653 1693 723 1765 erit
743 1717 765 1764 r
790 1703 958 1765 centrum
984 1689 1188 1786 quaesitum.

152 1808 272 1880 Datur
284 1817 408 1878 autem
422 1807 516 1879 ratio
527 1805 653 1878 bilinei
664 1802 759 1879 BCB
770 1804 817 1878 ad
833 1804 1057 1900 triangulum
1072 1802 1190 1892 ABG,

152 1942 284 2014 nempe
302 1919 397 1991 ratio
415 1919 484 1991 FR
501 1917 548 1990 ad
565 1919 641 2007 FE,
661 1929 700 1990 et
724 1929 782 1990 est
805 1932 974 1990 centrum
999 1917 1192 2013 gravitatis

153 2032 333 2129 segmenti
357 2030 464 2105 BCB
493 2033 533 2105 in
560 2045 663 2105 recta
692 2032 764 2121 Aa,
790 2032 829 2104 in
854 2054 926 2127 qua
953 2043 1040 2103 sunt
1065 2041 1193 2104 centra

153 2147 345 2242 gravitatis
384 2160 465 2220 tum
506 2145 680 2242 trianguli
713 2157 792 2217 tum
826 2144 1041 2241 quadrantis
1070 2141 1191 2217 ABG.

154 2261 272 2333 Datur
289 2284 378 2356 ergo
395 2269 572 2356 punctum
589 2283 623 2346 r,
648 2257 687 2330 id
711 2270 779 2346 est,
805 2270 974 2330 centrum
1000 2255 1192 2353 gravitatis

156 2372 335 2468 segmenti
371 2370 489 2446 BOB.
554 2371 706 2443 Factum
748 2394 835 2465 ergo
879 2383 947 2459 est,
981 2369 1080 2465 quod
1114 2379 1194 2442 erat

156 2484 378 2558 laciendum.

206 2597 257 2669 B.
283 2596 400 2669 Video
417 2595 527 2669 etiam
545 2594 645 2668 aliud
666 2594 769 2691 sequi
786 2595 881 2668 scitu
894 2618 968 2668 non
990 2594 1194 2690 indignum,

155 2707 342 2798 nimirum,
360 2707 521 2802 planum,
540 2707 640 2804 quod
664 2707 829 2780 nascitur
858 2707 904 2780 ab
932 2706 1195 2803 aggregatione

156 2835 355 2911 rectarum,
369 2845 452 2917 quae
464 2821 622 2917 aquales
641 2833 728 2894 sunt
739 2819 905 2916 partibus
917 2844 1025 2893 arcus
1036 2819 1196 2916 BCper-

155 2947 271 3032 petuo
287 2959 311 3007 a
327 2933 442 3008 nihilo
471 2933 720 3007 crescentibus
743 2934 850 3030 juxta
876 2933 1056 3007 rationem
1084 2931 1197 3005 arith·

156 3046 493 3143 meticam‚quando
504 3047 738 3143 applicantur
751 3045 950 3120 ordinatim
963 3046 1010 3120 ad
1021 3045 1197 3120 terminos

158 3185 355 3235 curvarum
372 3159 442 3234 sibi
469 3160 677 3256 aequalium,
690 3182 822 3255 nempe
850 3160 923 3250 Bl,
938 3161 1012 3249 132,
1024 3161 1097 3250 Β3,
1111 3171 1196 3250 etc,

158 3275 318 3373 aequales
340 3297 419 3348 esse
432 3274 542 3370 plano
564 3273 664 3370 quod
680 3274 844 3347 nascitur
867 3275 913 3346 ab
936 3274 1197 3370 aggregatione

158 3389 305 3461 sinuum
337 3398 524 3460 rectorum
553 3385 753 3460 eorundem
776 3409 938 3475 arcuum,
971 3386 1118 3482 quando
1144 3385 1200 3460 illi

160 3501 262 3574 sinus
272 3499 630 3596 ordinantursinguli
640 3499 688 3573 ad
701 3499 877 3573 terminos
888 3524 1040 3574 arcuum
1049 3525 1199 3575 suorum

159 3614 314 3687 inrecta
329 3638 412 3711 quae
428 3615 477 3688 sit
493 3615 563 3710 ipsi
577 3614 679 3686 arcui
696 3613 763 3687 BC
780 3613 941 3709 aequalis,
984 3614 1081 3687 Nam
1099 3613 1200 3711 quod

160 3738 401 3824 aggregatum
412 3728 557 3800 sinuum
568 3738 753 3800 rectorum
766 3727 929 3800 omnium
941 3727 993 3801 ita
1010 3728 1199 3802 ordinato-

160 3863 243 3914 rum
277 3840 419 3937 aequale
453 3852 511 3915 est
546 3838 727 3936 quadrato
762 3839 867 3927 radii,
901 3840 1201 3915 demonstrarunt

161 3952 317 4028 fortasse
331 3955 468 4051 plures,
486 3952 551 4027 sed
567 3953 708 4026 invenit
725 3963 763 4025 et
781 3952 1045 4026 demonstravit
1061 3955 1201 4049 primus

163 4065 447 4163 Christopherus
464 4066 590 4156 Wren‚
617 4065 852 4140 astronomiae
876 4065 1064 4161 professor
1093 4066 1201 4139 Gres-

163 4185 358 4259 hamensis.

1218 594 1368 639 menceus

1275 677 1316 716 vr.

1222 744 1365 783 νην-ν
