2888 4988
92 1007 160 1049 CAP.
170 1007 214 1049 111.

79 1077 222 1111 »η’-ν

82 1139 117 1184 De
126 1141 226 1185 termino.

266 420 338 487 394
406 433 460 486 DE
480 434 711 488 PRINCIPIIS
731 435 783 487 ΕΤ
802 434 1166 488 ΒΔΤΙΟῦῘΝΑΤΙΟΝΕ

690 705 794 779 OAP.
813 705 882 778 111.

637 878 692 930 DE
725 877 932 929 TERMINO.

263 978 581 1070 Dnrrnruurua‚
620 982 731 1056 tertio
771 980 867 1066 loco,
901 980 1009 1054 linear
1047 981 1197 1056 termini
1235 982 1309 1057 hoo

262 1093 398 1168 modo:
425 1093 531 1167 linem
554 1094 702 1168 termini
722 1104 807 1168 runt
827 1103 984 1193 puncta.
1038 1094 1161 1170 Quam
1178 1093 1309 1168 defini·

262 1208 402 1282 tionem
432 1230 506 1280 non
537 1206 789 1304 reprehendo;
816 1206 883 1280 sed
910 1205 977 1280 ut*
994 1207 1040 1281 ab
1065 1231 1122 1297 ea,
1151 1208 1190 1280 id
1209 1207 1310 1304 qnod

263 1330 349 1394 ante
367 1319 455 1408 dixi,
474 1320 648 1393 nimirum
664 1330 844 1417 punctum
867 1343 942 1393 non
968 1342 1048 1393 esse
1072 1318 1308 1409 indivisibile,

263 1431 329 1507 sed
345 1442 489 1506 tantum
504 1433 543 1506 in
561 1431 871 1506 demonstratione
888 1455 963 1505 non
980 1443 1024 1506 ut
1042 1433 1200 1506 divisum
1218 1458 1309 1507 oon-

262 1546 427 1633 sidernri,
445 1545 531 1619 inde
549 1545 754 1620 ostendam.
806 1546 846 1619 Si
864 1545 962 1618 enim
979 1545 1078 1619 linea
1102 1559 1248 1620 secetur
1269 1547 1310 1620 in

260 1670 399 1758 puncto
416 1658 596 1749 bifariam,
615 1683 699 1733 oum
717 1671 873 1755 utraque
899 1659 1035 1735 habeat
1063 1658 1155 1733 duos
1179 1661 1309 1734 termi-

261 1796 341 1862 nos,
370 1773 489 1868 sitque
514 1784 695 1869 punctum
720 1770 813 1844 illud
838 1772 876 1844 in
906 1795 979 1866 quo
1007 1771 1185 1845 dividitur
1209 1773 1310 1848 linea

261 1885 411 1959 omnino
428 1884 542 1958 nihil:
569 1883 652 1958 duae
668 1897 792 1981 partes
810 1909 833 1957 a
850 1883 1029 1958 divisione
1043 1884 1155 1960 faotae
1172 1909 1212 1960 se
1228 1911 1308 1960 mu·

261 2010 327 2072 tuo
341 2009 486 2071 tantum
500 2009 706 2093 tangerent,
722 2020 792 2070 nee
804 1996 985 2070 haberent
997 1996 1114 2071 ullum
1127 2009 1307 2095 punctum

262 2134 470 2185 commune.
520 2110 569 2182 Et
586 2107 741 2206 proinde
766 2108 946 2182 terminus
974 2119 1161 2183 extremus
1191 2111 1308 2207 magis

263 2224 414 2298 distabit
431 2248 454 2296 a
470 2223 628 2296 termino
640 2222 792 2295 alterius
808 2222 917 2296 lineae
928 2221 975 2295 ad
990 2223 1112 2318 quod*
1124 2235 1180 2298 est
1193 2248 1306 2321 punc-

262 2351 343 2410 tum
360 2336 539 2425 dividens,
559 2360 670 2432 quam
686 2360 709 2409 a
726 2336 783 2408 sui
800 2336 914 2432 ipsius
932 2337 1090 2410 termino
1108 2338 1239 2427 altero,
1258 2338 1308 2412 ad

262 2473 370 2546 quem
387 2448 516 2523 itidem
538 2448 690 2546 ponitur
715 2449 814 2522 idem
839 2462 1019 2546 punctum
1041 2450 1231 2524 dividens:
1267 2450 1309 2523 id

263 2574 331 2651 est,
349 2564 467 2659 maj0r
484 2572 540 2634 est
556 2585 631 2634 una
646 2562 808 2658 partium
826 2585 936 2658 quam
953 2562 1080 2652 altera,
1096 2575 1134 2637 et
1151 2562 1307 2660 proinde

261 2676 359 2750 linea
381 2676 443 2749 illa
463 2675 580 2749 divisa
596 2699 673 2749 non
689 2686 747 2748 est
764 2675 946 2765 bifariam,
959 2686 1002 2749 ut
1019 2678 1306 2773 supponebatur.

261 2789 429 2886 Exempli
446 2789 590 2887 gratia:
617 2787 714 2861 linea
731 2788 798 2860 AB
816 2800 917 2861 secta
928 2788 1098 2862 bifariam
1116 2791 1154 2862 in
1169 2789 1213 2879 C,
1224 2813 1307 2886 par-

261 2915 317 2977 tes
335 2903 412 2999 ejus
426 2926 465 2975 se
483 2913 643 2998 tangunt
661 2913 807 2975 tantum
820 2900 868 2973 ad
882 2901 923 2989 C,
938 2913 977 2974 et
991 2925 1118 2976 earum
1131 2905 1307 3000 cujusque

260 3017 409 3090 termini
427 3017 527 3110 (cum
544 3016 618 3088 sint
632 3013 715 3089 duae
732 3013 855 3108 lineae)
870 3026 956 3090 sunt

262 3153 389 3204 omnes
404 3143 580 3226 quatuor:
599 3152 713 3226 quare
731 3128 776 3202 ad
798 3128 827 3201 C
846 3140 955 3202 erunt
1025 3135 1285 3226 Α-ὙᾈΒ

262 3241 336 3315 duo
349 3243 509 3331 termini,
521 3242 584 3339 qui
598 3242 672 3315 sint
688 3240 722 3315 D
737 3253 775 3315 et
787 3241 830 3327 E,
842 3252 880 3314 et
889 3265 957 3339 per

263 3378 489 3451 consequens
508 3355 574 3428 BD
593 3356 711 3451 major
728 3366 784 3428 est
802 3378 911 3450 quam
930 3354 1009 3428 Ac.
1037 3354 1123 3427 Non
1142 3365 1198 3427 est
1216 3377 1307 3449 ergo

261 3467 328 3540 AB
346 3467 462 3541 divisa
478 3468 649 3540 bifariam
666 3467 704 3540 in
723 3467 764 3556 O,
786 3466 857 3540 nisi
875 3467 1008 3557 D,C,E
1026 3466 1307 3541 considerentur

261 3593 305 3654 ut
322 3581 419 3654 idem
432 3592 621 3678 punctum.

693 3750 887 3759 ——-—

687 3882 793 3955 CAP.
817 3881 881 3954 IV.

592 4043 646 4094 DE
675 4040 804 4093 LINEA
832 4039 979 4091 RECTA.

261 4144 488 4218 Dnrrnrrro
520 4157 652 4242 quarta
686 4157 741 4218 est
775 4142 884 4216 linere
913 4152 1037 4232 recte,
1068 4142 1173 4215 talis:
1205 4141 1305 4215 lineo

259 4267 367 4331 recto
391 4269 448 4331 ert
464 4285 546 4356 quoe
571 4284 619 4332 en
639 4283 741 4355 cequo
759 4282 830 4329 aua
853 4257 1052 4352 interjacet
1072 4265 1236 4354 puncta:
1266 4256 1306 4329 id

637 4446 655 4482 ⁴*
678 4444 728 4507 Sio
740 4446 820 4506 Edit.
839 4448 925 4506 1668.
