2888 5002
490 440 545 492 on
565 441 737 496 aarum
755 443 895 496 nnars.
1144 431 1221 496 253

221 607 272 680 Α.
301 606 412 682 Quod
429 609 459 680 si
476 632 543 704 per
559 610 865 707 omnipotentiam
888 609 1049 684 divinam
1076 611 1221 684 annihi-

172 720 300 810 latum,
317 722 376 794 vel
392 721 520 818 procul
538 723 577 795 in
593 723 706 796 alium
730 725 853 798 locum
870 724 970 797 ultra
987 724 1110 797 stellas
1127 725 1221 798 fixas

173 835 392 908 translatum
422 848 518 909 esset
547 836 689 911 telluris
719 838 828 934 hujus
860 835 1065 927 dimidium,
1097 861 1220 910 nonne

173 947 292 1019 credis
300 957 446 1043 partem
457 949 636 1044 reliquam
649 950 807 1022 eundem
819 964 961 1023 motum
970 948 1220 1022 retenturam?

223 1058 270 1133 B.
297 1058 430 1148 Cred0,
448 1071 487 1133 et
512 1061 615 1156 (quia
631 1060 739 1135 video
758 1087 831 1159 quo
854 1062 990 1155 tendis)
1019 1060 1102 1135 dico
1126 1086 1223 1158 prae-

173 1182 287 1261 terea,
302 1172 372 1244 etsi
384 1173 495 1246 unica
508 1175 586 1270 ejus
600 1186 744 1247 atomus
757 1175 817 1247 hic
828 1176 1108 1271 relinqueretur,
1122 1176 1222 1271 quod

174 1285 286 1358 etiam
303 1286 366 1358 illa
382 1299 527 1360 atomus
545 1285 676 1360 eodem
693 1302 904 1362 moveretur
920 1299 1024 1361 motu
1041 1288 1222 1362 circulari

173 1397 359 1496 simplice.

225 1512 275 1584 A.
302 1511 496 1585 Particulae
522 1537 612 1609 ergo
638 1513 710 1587 illae
738 1527 869 1588 terreae
899 1537 1110 1609 aqueaeque,
1136 1537 1222 1609 quae

174 1625 250 1697 aeri
267 1639 394 1699 nostro
413 1626 643 1722 interspersae
660 1639 819 1700 vestram
842 1627 985 1699 faciunt
1001 1626 1221 1722 atmosphae-

175 1761 266 1826 ram,
285 1738 441 1811 eundem
459 1739 598 1813 habent
614 1741 718 1814 illum
735 1753 879 1813 motum
896 1737 1116 1811 circudzrem
1133 1739 1221 1812 aim-

168 1849 311 1947 plicem
329 1853 578 1947 congenitum.

228 1962 278 2036 B.
305 1964 523 2039 Necessario
542 1966 721 2063 sequitur.

225 2077 274 2151 A.
302 2078 488 2174 Siquidem
506 2092 630 2153 autem
647 2080 713 2167 sol,
731 2080 807 2153 sive
819 2079 1004 2176 praecipue
1018 2079 1094 2152 sive
1108 2081 1220 2168 soluS,

174 2191 374 2287 particulas
398 2192 478 2266 illas
495 2218 518 2266 a
535 2204 635 2266 terra
651 2193 782 2281 elevat,
795 2204 838 2265 ut
854 2192 968 2265 vestri
994 2190 1162 2281 credunt,
1181 2205 1222 2266 et

176 2327 260 2376 cum
277 2303 347 2377 illis
364 2329 458 2400 ego;
486 2305 576 2378 mihi
589 2305 736 2402 quidem
754 2329 828 2378 non
846 2304 1060 2377 incredibile
1082 2303 1222 2377 videbi·

175 2429 248 2507 tur,
266 2431 405 2515 quanto
422 2443 486 2492 aer
502 2420 672 2515 proprior
690 2431 800 2492 terrae
811 2431 879 2505 est,
892 2431 999 2491 tanto
1017 2417 1120 2490 illum
1139 2441 1222 2515 par-

176 2531 275 2604 tibus
288 2533 417 2606 terreis
436 2556 513 2606 esse
530 2533 743 2630 pleniorem.

227 2644 275 2718 B.
295 2644 458 2718 Dubium
476 2670 551 2718 non
569 2659 637 2719 est.

227 2758 276 2831 A.
294 2759 481 2832 Intellexti
493 2783 582 2857 ergo
594 2759 817 2857 hypotheses
827 2755 1223 2852 measzprimamquod

177 2872 254 2944 aeri
266 2873 499 2969 interspersa
517 2884 603 2947 sunt
619 2872 809 2969 particulae
827 2870 952 2942 multae
970 2883 1114 2960 terreae,
1127 2894 1224 2967 prae-

177 2984 266 3058 ditae
277 2997 381 3058 motu
397 2987 568 3060 circulari
585 2987 749 3083 simplice
762 2998 906 3058 naturae
916 3008 992 3057 suae
1006 2985 1221 3081 congenito:

177 3098 387 3189 secundam,
401 3098 500 3195 quod
514 3101 631 3196 major
645 3113 703 3173 est
716 3098 902 3195 quantitas
916 3121 1042 3170 earum
1060 3098 1224 3194 particu-

177 3211 296 3284 larum
326 3213 365 3284 in
391 3238 476 3287 aere
503 3238 617 3310 prope
643 3213 692 3287 ad
718 3227 866 3301 terram,
891 3235 1001 3307 quam
1030 3212 1177 3285 iuuere
1201 3237 1225 3287 a

177 3337 279 3400 terra
294 3328 505 3401 remotiore.

230 3438 279 3512 B.
307 3440 402 3514 Sunt
443 3441 591 3538 quidem
632 3439 855 3537 hypotheses
896 3437 997 3510 haud
1040 3436 1223 3512 absurdae.

180 3553 310 3626 Restat
326 3567 366 3627 ut
383 3555 556 3628 ostendas
580 3579 708 3627 eorum
731 3577 840 3626 usum
857 3552 906 3625 ad
931 3551 1107 3625 salvando
1122 3552 1224 3649 phae·

180 3692 338 3741 nomena
355 3693 437 3765 quae
451 3693 551 3742 nunc
569 3669 734 3742 dicturus
752 3691 845 3740 sum.
897 3666 1030 3754 Primo,
1049 3666 1224 3761 quoniam

179 3779 267 3870 vidi,
285 3782 497 3877 recipiente,
515 3792 558 3855 ut
574 3806 643 3855 uos
667 3780 864 3876 loquimur,
896 3802 1001 3874 paene
1029 3779 1222 3866 exhausto,

182 3893 250 3981 vel,
267 3905 309 3966 ut
326 3907 368 3966 tn
384 3895 452 3982 vis,
470 3894 637 3967 suctione
665 3916 762 3988 saepe
785 3890 957 3987 repetita,
978 3890 1223 3975 manubrium,

180 4006 280 4102 quod
302 4005 399 4079 sorte
420 4006 589 4080 manibus
613 4007 691 4102 ejus
722 4005 785 4100 qui
811 4015 998 4075 suctorem
1025 4000 1225 4073 revellebat

181 4120 384 4215 elapsum&
404 4131 501 4192 retro
523 4119 613 4192 ferri
631 4141 756 4191 versus
775 4115 932 4214 cylindri
953 4113 1225 4188 summitatem:

422 4366 441 4399 ⁴*
463 4357 553 4417 Deest
567 4366 608 4415 eat
620 4357 652 4414 in
665 4356 735 4416 edit.
752 4356 825 4414 1661
841 4363 872 4413 et
889 4354 975 4411 1668.
