2888 5002
384 1004 436 1059 ΑΙ)
456 1003 754 1060 SERENISSIMUM
777 1003 1000 1060 PRINCIPEM

512 1177 602 1259 CO
620 1177 647 1259 S
662 1175 684 1260 I
698 1176 749 1258 M
762 1175 804 1258 U
817 1175 868 1257 M

342 1376 542 1438 monum
564 1378 803 1442 eumenum
826 1377 1034 1439 annulum

431 1558 570 1600 EPISTULA
586 1558 731 1599 auunoms
747 1557 948 1607 nsolcauouu.

123 1909 216 1983 Quo
243 1919 421 2005 tempore,
448 1909 604 1985 Macrin
632 1911 857 1999 Parmense,
883 1908 1062 1984 celsitudo
1088 1919 1154 1982 tua
1177 1931 1263 1991 cum

121 2042 300 2139 dignitate
314 2067 381 2117 sua
393 2067 536 2118 summa
550 2055 588 2119 et
600 2043 728 2141 populi
740 2043 902 2117 universi
914 2044 1047 2141 plausu
1058 2042 1264 2139 Anglorum

121 2193 269 2274 terram,
287 2184 409 2274 urbes,
427 2184 735 2282 scientiarumque
753 2185 939 2259 domicilia
956 2185 1180 2259 illustrabatz
1205 2208 1264 2258 re·

121 2331 267 2392 centem
284 2343 307 2392 a
323 2318 437 2416 praelo
458 2319 615 2416 opellam
639 2319 737 2393 hanc
757 2319 966 2393 celsitudini
991 2330 1077 2409 tuae,
1095 2318 1263 2393 humani·

120 2452 208 2526 tatis
225 2453 326 2526 suae*
349 2452 462 2527 radiis
486 2453 666 2528 etiamad
692 2477 751 2527 me
769 2454 1047 2550 penetrantibus
1070 2454 1262 2543 excitatus,

120 2587 313 2683 cupiebam
330 2585 512 2661 dedicare.
565 2586 640 2661 Sed
655 2598 854 2682 antequam
871 2586 912 2660 id
927 2586 1099 2677 facerem,
1114 2585 1265 2663 aemulo-

120 2743 204 2792 rom
228 2743 394 2793 meorum
418 2719 720 2817 reprehensiones
745 2719 993 2816 expectandos
1010 2743 1088 2793 esse
1114 2717 1262 2793 censui:

121 2866 256 2944 certus,
268 2854 340 2928 nisi
353 2854 574 2944 refellerent,
587 2879 664 2928 non
677 2854 872 2952 indignum
884 2854 963 2929 fore
978 2867 1265 2951 quantocunque

121 2987 326 3085 patrocinio
343 2988 414 3061 hoc
431 2990 700 3062 munusculum.
752 2988 891 3062 Prodiit
914 2999 1037 3063 autem
1052 2987 1265 3084 nuperrime

121 3119 295 3193 refutatio
328 3143 374 3193 ex
404 3120 604 3194 Academia
631 3121 855 3205 Oxoniensi;
884 3122 983 3218 typis
1012 3120 1264 3206 Academicis3

121 3252 286 3343 authore,
327 3252 540 3348 geometriae
577 3253 727 3350 publico
766 3251 998 3336 Professore;
1038 3252 1266 3349 argumentis

122 3385 372 3459 arithmeticis.
423 3385 525 3459 Illius
554 3410 642 3483 ergo
674 3387 837 3482 meisque
874 3385 1016 3460 collatis
1047 3385 1266 3474 rationibus,

123 3541 204 3614 quae
221 3518 260 3591 in
277 3518 384 3592 titulo
402 3520 523 3614 operis
540 3519 725 3616 pollicitus
743 3543 824 3593 sum
838 3520 1055 3593 confirmare
1075 3519 1210 3594 debeo:
1228 3532 1268 3593 et

121 3651 217 3724 facio
244 3663 416 3725 accurate
447 3652 487 3726 in
511 3653 635 3727 libello
660 3654 732 3727 hoc
758 3676 869 3750 quem
899 3653 968 3727 tibi
997 3677 1097 3727 nunc
1127 3653 1265 3740 offer03

123 3786 283 3875 brevem,
310 3796 353 3859 ut
381 3798 584 3882 occupato;
611 3785 693 3876 tibi,
720 3795 762 3859 ut
788 3786 1030 3859 certaminum
1056 3784 1268 3881 hujusmodi

123 3921 348 4016 incorrupto,
381 3944 452 3993 nec
485 3920 655 4018 imperito
686 3919 815 4016 judici.
878 3919 962 3994 Scio
996 3919 1268 4017 philosophiam

124 4053 255 4126 seriam
278 4053 424 4127 unicam
448 4077 540 4145 esse,
565 4078 648 4151 quae
670 4066 838 4128 versatur
866 4054 963 4127 circa
979 4079 1108 4151 pacem
1133 4066 1171 4129 et
1195 4054 1270 4129 for-

580 4318 597 4351 *
620 4316 670 4378 Sic
683 4317 752 4379 edit.
772 4319 857 4377 1669.
