<?xml version="1.0" encoding="UTF-8"?>
<!DOCTYPE html PUBLIC "-//W3C//DTD XHTML 1.0 Transitional//EN"
    "http://www.w3.org/TR/xhtml1/DTD/xhtml1-transitional.dtd">
<html xmlns="http://www.w3.org/1999/xhtml" xml:lang="en" lang="en">
 <head>
  <title>
</title>
<meta http-equiv="Content-Type" content="text/html;charset=utf-8" />
  <meta name='ocr-system' content='tesseract 3.04.00' />
  <meta name='ocr-capabilities' content='ocr_page ocr_carea ocr_par ocr_line ocrx_word'/>
</head>
<body>
  <div class='ocr_page' id='page_1' title='image "./operaphilosophi01molegoog_0086.png"; bbox 0 0 2888 5002; ppageno 0'>
   <div class='ocr_carea' id='block_1_1' title="bbox 387 395 1204 476">
    <p class='ocr_par' dir='ltr' id='par_1_1' title="bbox 387 395 1204 476">
     <span class='ocr_line' id='line_1_1' title="bbox 387 395 1204 476; baseline 0.006 -14"><span class='ocrx_word' id='word_1_1' title='bbox 387 411 705 464; x_wconf 77' lang='lat' dir='ltr'>marnnmarrcn</span> <span class='ocrx_word' id='word_1_2' title='bbox 727 413 972 466; x_wconf 78' lang='lat' dir='ltr'>nonrnnnn.</span> <span class='ocrx_word' id='word_1_3' title='bbox 1155 395 1204 476; x_wconf 87' lang='lat'>73</span> 
     </span>
    </p>
   </div>
   <div class='ocr_carea' id='block_1_2' title="bbox 161 579 1392 678">
    <p class='ocr_par' dir='ltr' id='par_1_2' title="bbox 161 579 1392 678">
     <span class='ocr_line' id='line_1_2' title="bbox 161 579 1392 678; baseline -0.003 -24"><span class='ocrx_word' id='word_1_4' title='bbox 161 602 328 677; x_wconf 85' lang='lat' dir='ltr'>sequena,</span> <span class='ocrx_word' id='word_1_5' title='bbox 339 580 435 653; x_wconf 91' lang='lat' dir='ltr'>ratio</span> <span class='ocrx_word' id='word_1_6' title='bbox 452 579 674 678; x_wconf 77' lang='lat' dir='ltr'>aequalitatis</span> <span class='ocrx_word' id='word_1_7' title='bbox 691 602 868 677; x_wconf 85' lang='lat' dir='ltr'>superans</span> <span class='ocrx_word' id='word_1_8' title='bbox 882 580 1064 653; x_wconf 89' lang='lat' dir='ltr'>rationem</span> <span class='ocrx_word' id='word_1_9' title='bbox 1080 579 1203 677; x_wconf 78' lang='lat' dir='ltr'>defec-</span> <span class='ocrx_word' id='word_1_10' title='bbox 1239 608 1392 650; x_wconf 71' lang='lat' dir='ltr'>nameus</span> 
     </span>
    </p>
   </div>
   <div class='ocr_carea' id='block_1_3' title="bbox 160 690 1387 4302">
    <p class='ocr_par' dir='ltr' id='par_1_3' title="bbox 160 690 1387 1018">
     <span class='ocr_line' id='line_1_3' title="bbox 161 690 1387 792; baseline 0 -26"><span class='ocrx_word' id='word_1_11' title='bbox 161 705 232 783; x_wconf 77' lang='lat' dir='ltr'>tur,</span> <span class='ocrx_word' id='word_1_12' title='bbox 268 717 344 766; x_wconf 92' lang='lat' dir='ltr'>non</span> <span class='ocrx_word' id='word_1_13' title='bbox 379 706 456 765; x_wconf 87' lang='lat' dir='ltr'>tam</span> <span class='ocrx_word' id='word_1_14' title='bbox 490 694 671 766; x_wconf 88' lang='lat' dir='ltr'>rationem</span> <span class='ocrx_word' id='word_1_15' title='bbox 706 693 875 790; x_wconf 55' lang='lat' dir='ltr'>depectus</span> <span class='ocrx_word' id='word_1_16' title='bbox 908 706 1058 789; x_wconf 87' lang='lat' dir='ltr'>superat</span> <span class='ocrx_word' id='word_1_17' title='bbox 1093 717 1202 789; x_wconf 91' lang='lat' dir='ltr'>quam</span> <span class='ocrx_word' id='word_1_18' title='bbox 1243 690 1387 792; x_wconf 46' lang='lat' dir='ltr'>,L</span> 
     </span>
     <span class='ocr_line' id='line_1_4' title="bbox 160 805 1205 904; baseline 0.001 -24"><span class='ocrx_word' id='word_1_19' title='bbox 160 807 345 904; x_wconf 73' lang='lat' dir='ltr'>desectum</span> <span class='ocrx_word' id='word_1_20' title='bbox 372 806 537 895; x_wconf 88' lang='lat' dir='ltr'>rationis,</span> <span class='ocrx_word' id='word_1_21' title='bbox 565 805 602 878; x_wconf 97' lang='lat' dir='ltr'>id</span> <span class='ocrx_word' id='word_1_22' title='bbox 628 817 697 894; x_wconf 92' lang='lat' dir='ltr'>est,</span> <span class='ocrx_word' id='word_1_23' title='bbox 729 805 912 902; x_wconf 61' lang='lat' dir='ltr'>dffectrrm</span> <span class='ocrx_word' id='word_1_24' title='bbox 941 805 1205 902; x_wconf 84' lang='lat' dir='ltr'>magnitudinis</span> 
     </span>
     <span class='ocr_line' id='line_1_5' title="bbox 162 919 1115 1018; baseline -0.002 -25"><span class='ocrx_word' id='word_1_25' title='bbox 162 945 234 1018; x_wconf 87' lang='lat' dir='ltr'>qna</span> <span class='ocrx_word' id='word_1_26' title='bbox 251 919 389 1016; x_wconf 86' lang='lat' dir='ltr'>aequari</span> <span class='ocrx_word' id='word_1_27' title='bbox 405 920 522 1015; x_wconf 84' lang='lat' dir='ltr'>possit</span> <span class='ocrx_word' id='word_1_28' title='bbox 540 943 624 992; x_wconf 89' lang='lat' dir='ltr'>eum</span> <span class='ocrx_word' id='word_1_29' title='bbox 642 942 686 992; x_wconf 90' lang='lat' dir='ltr'>eo</span> <span class='ocrx_word' id='word_1_30' title='bbox 703 920 851 1015; x_wconf 89' lang='lat' dir='ltr'>quicum</span> <span class='ocrx_word' id='word_1_31' title='bbox 869 932 1115 1016; x_wconf 87' lang='lat' dir='ltr'>eomparatur.</span> 
     </span>
    </p>

    <p class='ocr_par' dir='ltr' id='par_1_4' title="bbox 162 1033 1208 1583">
     <span class='ocr_line' id='line_1_6' title="bbox 212 1033 1206 1129; baseline -0.001 -22"><span class='ocrx_word' id='word_1_32' title='bbox 212 1035 262 1107; x_wconf 88' lang='lat' dir='ltr'>B.</span> <span class='ocrx_word' id='word_1_33' title='bbox 288 1033 432 1106; x_wconf 89' lang='lat' dir='ltr'>Videris</span> <span class='ocrx_word' id='word_1_34' title='bbox 455 1033 524 1106; x_wconf 93' lang='lat' dir='ltr'>hoc</span> <span class='ocrx_word' id='word_1_35' title='bbox 547 1034 653 1122; x_wconf 89' lang='lat' dir='ltr'>velle,</span> <span class='ocrx_word' id='word_1_36' title='bbox 672 1033 711 1105; x_wconf 91' lang='lat' dir='ltr'>in</span> <span class='ocrx_word' id='word_1_37' title='bbox 729 1033 1003 1129; x_wconf 89' lang='lat' dir='ltr'>comparatione</span> <span class='ocrx_word' id='word_1_38' title='bbox 1019 1034 1206 1106; x_wconf 86' lang='lat' dir='ltr'>rationum</span> 
     </span>
     <span class='ocr_line' id='line_1_7' title="bbox 162 1144 1206 1245; baseline 0 -26"><span class='ocrx_word' id='word_1_39' title='bbox 162 1147 368 1245; x_wconf 89' lang='lat' dir='ltr'>promiscue</span> <span class='ocrx_word' id='word_1_40' title='bbox 379 1146 585 1242; x_wconf 87' lang='lat' dir='ltr'>computari</span> <span class='ocrx_word' id='word_1_41' title='bbox 599 1169 771 1219; x_wconf 75' lang='lat' dir='ltr'>excessua</span> <span class='ocrx_word' id='word_1_42' title='bbox 784 1160 823 1217; x_wconf 90' lang='lat' dir='ltr'>et</span> <span class='ocrx_word' id='word_1_43' title='bbox 836 1144 1025 1242; x_wconf 77' lang='lat' dir='ltr'>defectus:</span> <span class='ocrx_word' id='word_1_44' title='bbox 1039 1147 1206 1220; x_wconf 89' lang='lat' dir='ltr'>similiter</span> 
     </span>
     <span class='ocr_line' id='line_1_8' title="bbox 163 1258 1207 1356; baseline -0.001 -23"><span class='ocrx_word' id='word_1_45' title='bbox 163 1285 207 1333; x_wconf 90' lang='lat' dir='ltr'>ac</span> <span class='ocrx_word' id='word_1_46' title='bbox 229 1260 359 1356; x_wconf 83' lang='lat' dir='ltr'>siquis</span> <span class='ocrx_word' id='word_1_47' title='bbox 381 1260 520 1332; x_wconf 89' lang='lat' dir='ltr'>habens</span> <span class='ocrx_word' id='word_1_48' title='bbox 547 1260 604 1332; x_wconf 88' lang='lat' dir='ltr'>sui</span> <span class='ocrx_word' id='word_1_49' title='bbox 629 1258 711 1331; x_wconf 84' lang='lat' dir='ltr'>aeris</span> <span class='ocrx_word' id='word_1_50' title='bbox 736 1258 868 1354; x_wconf 88' lang='lat' dir='ltr'>viginti</span> <span class='ocrx_word' id='word_1_51' title='bbox 893 1259 1018 1347; x_wconf 90' lang='lat' dir='ltr'>libras,</span> <span class='ocrx_word' id='word_1_52' title='bbox 1039 1271 1077 1332; x_wconf 91' lang='lat' dir='ltr'>et</span> <span class='ocrx_word' id='word_1_53' title='bbox 1097 1258 1207 1332; x_wconf 91' lang='lat' dir='ltr'>alieni</span> 
     </span>
     <span class='ocr_line' id='line_1_9' title="bbox 163 1370 1208 1469; baseline 0.001 -24"><span class='ocrx_word' id='word_1_54' title='bbox 163 1372 332 1461; x_wconf 90' lang='lat' dir='ltr'>totidem,</span> <span class='ocrx_word' id='word_1_55' title='bbox 362 1385 573 1445; x_wconf 88' lang='lat' dir='ltr'>numeraret</span> <span class='ocrx_word' id='word_1_56' title='bbox 602 1370 818 1444; x_wconf 90' lang='lat' dir='ltr'>indistincte</span> <span class='ocrx_word' id='word_1_57' title='bbox 841 1395 1021 1444; x_wconf 90' lang='lat' dir='ltr'>summam</span> <span class='ocrx_word' id='word_1_58' title='bbox 1050 1372 1208 1469; x_wconf 91' lang='lat' dir='ltr'>quadra·</span> 
     </span>
     <span class='ocr_line' id='line_1_10' title="bbox 163 1484 1072 1583; baseline -0.001 -24"><span class='ocrx_word' id='word_1_59' title='bbox 163 1487 269 1583; x_wconf 88' lang='lat' dir='ltr'>ginta</span> <span class='ocrx_word' id='word_1_60' title='bbox 285 1486 473 1575; x_wconf 88' lang='lat' dir='ltr'>librarum,</span> <span class='ocrx_word' id='word_1_61' title='bbox 489 1509 574 1559; x_wconf 89' lang='lat' dir='ltr'>cum</span> <span class='ocrx_word' id='word_1_62' title='bbox 591 1485 742 1559; x_wconf 86' lang='lat' dir='ltr'>deberet</span> <span class='ocrx_word' id='word_1_63' title='bbox 759 1508 952 1558; x_wconf 88' lang='lat' dir='ltr'>numerare</span> <span class='ocrx_word' id='word_1_64' title='bbox 969 1484 1072 1558; x_wconf 92' lang='lat' dir='ltr'>nihil.</span> 
     </span>
    </p>

    <p class='ocr_par' dir='ltr' id='par_1_5' title="bbox 215 1598 435 1672">
     <span class='ocr_line' id='line_1_11' title="bbox 215 1598 435 1672; baseline 0 0"><span class='ocrx_word' id='word_1_65' title='bbox 215 1599 264 1672; x_wconf 81' lang='lat' dir='ltr'>A.</span> <span class='ocrx_word' id='word_1_66' title='bbox 290 1598 350 1671; x_wconf 89' lang='lat' dir='ltr'>lta</span> <span class='ocrx_word' id='word_1_67' title='bbox 367 1610 435 1672; x_wconf 93' lang='lat' dir='ltr'>est.</span> 
     </span>
    </p>

    <p class='ocr_par' dir='ltr' id='par_1_6' title="bbox 165 1709 1211 2011">
     <span class='ocr_line' id='line_1_12' title="bbox 215 1709 1211 1808; baseline -0.001 -23"><span class='ocrx_word' id='word_1_68' title='bbox 215 1714 265 1785; x_wconf 90' lang='lat' dir='ltr'>B.</span> <span class='ocrx_word' id='word_1_69' title='bbox 293 1711 366 1784; x_wconf 88' lang='lat' dir='ltr'>Sed</span> <span class='ocrx_word' id='word_1_70' title='bbox 383 1709 486 1798; x_wconf 88' lang='lat' dir='ltr'>illud,</span> <span class='ocrx_word' id='word_1_71' title='bbox 511 1710 693 1782; x_wconf 83' lang='lat' dir='ltr'>rationem</span> <span class='ocrx_word' id='word_1_72' title='bbox 719 1711 889 1808; x_wconf 79' lang='lat' dir='ltr'>desectus</span> <span class='ocrx_word' id='word_1_73' title='bbox 916 1735 1000 1785; x_wconf 84' lang='lat' dir='ltr'>ease</span> <span class='ocrx_word' id='word_1_74' title='bbox 1026 1710 1211 1807; x_wconf 83' lang='lat' dir='ltr'>desectum</span> 
     </span>
     <span class='ocr_line' id='line_1_13' title="bbox 165 1824 1209 1914; baseline 0 -16"><span class='ocrx_word' id='word_1_75' title='bbox 165 1825 338 1914; x_wconf 82' lang='lat' dir='ltr'>rationis,</span> <span class='ocrx_word' id='word_1_76' title='bbox 372 1824 421 1897; x_wconf 92' lang='lat' dir='ltr'>ad</span> <span class='ocrx_word' id='word_1_77' title='bbox 447 1824 790 1897; x_wconf 85' lang='lat' dir='ltr'>mathematicorum</span> <span class='ocrx_word' id='word_1_78' title='bbox 825 1848 933 1898; x_wconf 85' lang='lat' dir='ltr'>aures</span> <span class='ocrx_word' id='word_1_79' title='bbox 968 1824 1121 1898; x_wconf 85' lang='lat' dir='ltr'>accedet</span> <span class='ocrx_word' id='word_1_80' title='bbox 1152 1824 1209 1898; x_wconf 91' lang='lat' dir='ltr'>in·</span> 
     </span>
     <span class='ocr_line' id='line_1_14' title="bbox 167 1951 323 2011; baseline -0.006 0"><span class='ocrx_word' id='word_1_81' title='bbox 167 1951 323 2011; x_wconf 89' lang='lat' dir='ltr'>suetum.</span> 
     </span>
    </p>

    <p class='ocr_par' dir='ltr' id='par_1_7' title="bbox 166 2048 1212 2463">
     <span class='ocr_line' id='line_1_15' title="bbox 216 2048 1212 2125; baseline -0.002 -1"><span class='ocrx_word' id='word_1_82' title='bbox 216 2051 265 2125; x_wconf 82' lang='lat' dir='ltr'>A.</span> <span class='ocrx_word' id='word_1_83' title='bbox 293 2048 413 2124; x_wconf 89' lang='lat' dir='ltr'>Credo</span> <span class='ocrx_word' id='word_1_84' title='bbox 430 2049 498 2122; x_wconf 94' lang='lat' dir='ltr'>tibi</span> <span class='ocrx_word' id='word_1_85' title='bbox 515 2049 599 2122; x_wconf 89' lang='lat' dir='ltr'>hoc.</span> <span class='ocrx_word' id='word_1_86' title='bbox 651 2050 827 2123; x_wconf 90' lang='lat' dir='ltr'>Attamen</span> <span class='ocrx_word' id='word_1_87' title='bbox 843 2074 973 2124; x_wconf 85' lang='lat' dir='ltr'>verum</span> <span class='ocrx_word' id='word_1_88' title='bbox 999 2073 1079 2124; x_wconf 88' lang='lat' dir='ltr'>esse</span> <span class='ocrx_word' id='word_1_89' title='bbox 1103 2050 1212 2124; x_wconf 85' lang='lat' dir='ltr'>facile</span> 
     </span>
     <span class='ocr_line' id='line_1_16' title="bbox 167 2161 1210 2261; baseline 0.002 -25"><span class='ocrx_word' id='word_1_90' title='bbox 167 2187 357 2261; x_wconf 83' lang='lat' dir='ltr'>agnosces,</span> <span class='ocrx_word' id='word_1_91' title='bbox 385 2162 416 2235; x_wconf 89' lang='lat' dir='ltr'>si</span> <span class='ocrx_word' id='word_1_92' title='bbox 442 2161 723 2248; x_wconf 64' lang='lat' dir='ltr'>animadvertas</span> <span class='ocrx_word' id='word_1_93' title='bbox 751 2163 898 2260; x_wconf 87' lang='lat' dir='ltr'>quando</span> <span class='ocrx_word' id='word_1_94' title='bbox 928 2163 1010 2238; x_wconf 89' lang='lat' dir='ltr'>duae</span> <span class='ocrx_word' id='word_1_95' title='bbox 1037 2164 1210 2253; x_wconf 89' lang='lat' dir='ltr'>rationes,</span> 
     </span>
     <span class='ocr_line' id='line_1_17' title="bbox 166 2274 1212 2373; baseline 0.001 -23"><span class='ocrx_word' id='word_1_96' title='bbox 166 2290 323 2373; x_wconf 88' lang='lat' dir='ltr'>utraque</span> <span class='ocrx_word' id='word_1_97' title='bbox 340 2274 493 2348; x_wconf 91' lang='lat' dir='ltr'>minoris</span> <span class='ocrx_word' id='word_1_98' title='bbox 510 2274 559 2347; x_wconf 91' lang='lat' dir='ltr'>ad</span> <span class='ocrx_word' id='word_1_99' title='bbox 576 2277 765 2372; x_wconf 91' lang='lat' dir='ltr'>majorem,</span> <span class='ocrx_word' id='word_1_100' title='bbox 791 2290 1073 2373; x_wconf 90' lang='lat' dir='ltr'>componuntur,</span> <span class='ocrx_word' id='word_1_101' title='bbox 1096 2278 1212 2352; x_wconf 89' lang='lat' dir='ltr'>ratio·</span> 
     </span>
     <span class='ocr_line' id='line_1_18' title="bbox 167 2388 559 2463; baseline -0.01 0"><span class='ocrx_word' id='word_1_102' title='bbox 167 2414 252 2463; x_wconf 86' lang='lat' dir='ltr'>nem</span> <span class='ocrx_word' id='word_1_103' title='bbox 272 2389 349 2462; x_wconf 88' lang='lat' dir='ltr'>ficri</span> <span class='ocrx_word' id='word_1_104' title='bbox 367 2388 559 2461; x_wconf 87' lang='lat' dir='ltr'>minorem.</span> 
     </span>
    </p>

    <p class='ocr_par' dir='ltr' id='par_1_8' title="bbox 167 2502 1216 3505">
     <span class='ocr_line' id='line_1_19' title="bbox 217 2502 1215 2598; baseline 0.001 -24"><span class='ocrx_word' id='word_1_105' title='bbox 217 2502 267 2574; x_wconf 93' lang='lat' dir='ltr'>B.</span> <span class='ocrx_word' id='word_1_106' title='bbox 292 2503 430 2574; x_wconf 90' lang='lat' dir='ltr'>Verum</span> <span class='ocrx_word' id='word_1_107' title='bbox 461 2512 531 2589; x_wconf 93' lang='lat' dir='ltr'>est,</span> <span class='ocrx_word' id='word_1_108' title='bbox 558 2511 596 2573; x_wconf 89' lang='lat' dir='ltr'>et</span> <span class='ocrx_word' id='word_1_109' title='bbox 626 2515 824 2598; x_wconf 88' lang='lat' dir='ltr'>propterea</span> <span class='ocrx_word' id='word_1_110' title='bbox 852 2526 1016 2591; x_wconf 88' lang='lat' dir='ltr'>necesse,</span> <span class='ocrx_word' id='word_1_111' title='bbox 1046 2512 1087 2575; x_wconf 81' lang='lat' dir='ltr'>ot</span> <span class='ocrx_word' id='word_1_112' title='bbox 1116 2503 1215 2576; x_wconf 80' lang='lat' dir='ltr'>ratio</span> 
     </span>
     <span class='ocr_line' id='line_1_20' title="bbox 167 2614 1215 2712; baseline -0.001 -24"><span class='ocrx_word' id='word_1_113' title='bbox 167 2616 332 2712; x_wconf 76' lang='lat' dir='ltr'>desectus</span> <span class='ocrx_word' id='word_1_114' title='bbox 358 2615 411 2686; x_wconf 84' lang='lat' dir='ltr'>ait</span> <span class='ocrx_word' id='word_1_115' title='bbox 439 2614 607 2711; x_wconf 76' lang='lat' dir='ltr'>defectus</span> <span class='ocrx_word' id='word_1_116' title='bbox 627 2614 801 2687; x_wconf 82' lang='lat' dir='ltr'>rationis.</span> <span class='ocrx_word' id='word_1_117' title='bbox 855 2616 1094 2690; x_wconf 77' lang='lat' dir='ltr'>Quantitates</span> <span class='ocrx_word' id='word_1_118' title='bbox 1115 2615 1215 2688; x_wconf 84' lang='lat' dir='ltr'>enim</span> 
     </span>
     <span class='ocr_line' id='line_1_21' title="bbox 169 2726 1215 2825; baseline 0 -24"><span class='ocrx_word' id='word_1_119' title='bbox 169 2752 296 2802; x_wconf 90' lang='lat' dir='ltr'>omnes</span> <span class='ocrx_word' id='word_1_120' title='bbox 330 2726 494 2823; x_wconf 86' lang='lat' dir='ltr'>ejusdem</span> <span class='ocrx_word' id='word_1_121' title='bbox 529 2728 675 2823; x_wconf 83' lang='lat' dir='ltr'>generis</span> <span class='ocrx_word' id='word_1_122' title='bbox 709 2728 937 2824; x_wconf 88' lang='lat' dir='ltr'>compositae,</span> <span class='ocrx_word' id='word_1_123' title='bbox 968 2727 1215 2825; x_wconf 83' lang='lat' dir='ltr'>quantitatem</span> 
     </span>
     <span class='ocr_line' id='line_1_22' title="bbox 168 2840 1215 2935; baseline -0.001 -20"><span class='ocrx_word' id='word_1_124' title='bbox 168 2842 311 2915; x_wconf 86' lang='lat' dir='ltr'>faciunt</span> <span class='ocrx_word' id='word_1_125' title='bbox 336 2841 526 2935; x_wconf 88' lang='lat' dir='ltr'>majorem.</span> <span class='ocrx_word' id='word_1_126' title='bbox 576 2841 698 2913; x_wconf 88' lang='lat' dir='ltr'>Etiam</span> <span class='ocrx_word' id='word_1_127' title='bbox 726 2840 891 2915; x_wconf 86' lang='lat' dir='ltr'>defectus</span> <span class='ocrx_word' id='word_1_128' title='bbox 915 2840 947 2914; x_wconf 92' lang='lat' dir='ltr'>si</span> <span class='ocrx_word' id='word_1_129' title='bbox 968 2840 1129 2915; x_wconf 86' lang='lat' dir='ltr'>defectui</span> <span class='ocrx_word' id='word_1_130' title='bbox 1150 2840 1215 2914; x_wconf 88' lang='lat' dir='ltr'>ad·</span> 
     </span>
     <span class='ocr_line' id='line_1_23' title="bbox 169 2954 1215 3050; baseline 0 -22"><span class='ocrx_word' id='word_1_131' title='bbox 169 2956 290 3042; x_wconf 89' lang='lat' dir='ltr'>datur,</span> <span class='ocrx_word' id='word_1_132' title='bbox 308 2956 373 3027; x_wconf 89' lang='lat' dir='ltr'>fiet</span> <span class='ocrx_word' id='word_1_133' title='bbox 390 2954 556 3027; x_wconf 84' lang='lat' dir='ltr'>defectus</span> <span class='ocrx_word' id='word_1_134' title='bbox 574 2956 704 3050; x_wconf 87' lang='lat' dir='ltr'>major,</span> <span class='ocrx_word' id='word_1_135' title='bbox 732 2969 912 3029; x_wconf 86' lang='lat' dir='ltr'>ettamen</span> <span class='ocrx_word' id='word_1_136' title='bbox 930 2955 1025 3028; x_wconf 92' lang='lat' dir='ltr'>ratio</span> <span class='ocrx_word' id='word_1_137' title='bbox 1043 2955 1142 3028; x_wconf 86' lang='lat' dir='ltr'>facta</span> <span class='ocrx_word' id='word_1_138' title='bbox 1157 2965 1215 3028; x_wconf 93' lang='lat' dir='ltr'>est</span> 
     </span>
     <span class='ocr_line' id='line_1_24' title="bbox 170 3067 1215 3165; baseline -0.003 -23"><span class='ocrx_word' id='word_1_139' title='bbox 170 3069 310 3149; x_wconf 70' lang='lat' dir='ltr'>minor:</span> <span class='ocrx_word' id='word_1_140' title='bbox 337 3092 382 3140; x_wconf 84' lang='lat' dir='ltr'>ex</span> <span class='ocrx_word' id='word_1_141' title='bbox 406 3092 478 3164; x_wconf 91' lang='lat' dir='ltr'>quo</span> <span class='ocrx_word' id='word_1_142' title='bbox 496 3068 733 3142; x_wconf 87' lang='lat' dir='ltr'>manifestum</span> <span class='ocrx_word' id='word_1_143' title='bbox 751 3078 808 3143; x_wconf 92' lang='lat' dir='ltr'>est</span> <span class='ocrx_word' id='word_1_144' title='bbox 825 3070 926 3165; x_wconf 91' lang='lat' dir='ltr'>quod</span> <span class='ocrx_word' id='word_1_145' title='bbox 942 3068 1078 3159; x_wconf 85' lang='lat' dir='ltr'>dixisti,</span> <span class='ocrx_word' id='word_1_146' title='bbox 1096 3067 1215 3141; x_wconf 82' lang='lat' dir='ltr'>ratio-</span> 
     </span>
     <span class='ocr_line' id='line_1_25' title="bbox 169 3181 1216 3278; baseline -0.002 -23"><span class='ocrx_word' id='word_1_147' title='bbox 169 3207 250 3255; x_wconf 85' lang='lat' dir='ltr'>nem</span> <span class='ocrx_word' id='word_1_148' title='bbox 280 3181 449 3278; x_wconf 73' lang='lat' dir='ltr'>desectus</span> <span class='ocrx_word' id='word_1_149' title='bbox 478 3204 560 3255; x_wconf 80' lang='lat' dir='ltr'>ease</span> <span class='ocrx_word' id='word_1_150' title='bbox 590 3181 772 3278; x_wconf 83' lang='lat' dir='ltr'>desectum</span> <span class='ocrx_word' id='word_1_151' title='bbox 797 3182 982 3264; x_wconf 80' lang='lat' dir='ltr'>rationis,-</span> <span class='ocrx_word' id='word_1_152' title='bbox 1005 3194 1048 3255; x_wconf 88' lang='lat' dir='ltr'>ut</span> <span class='ocrx_word' id='word_1_153' title='bbox 1075 3182 1138 3277; x_wconf 90' lang='lat' dir='ltr'>qui</span> <span class='ocrx_word' id='word_1_154' title='bbox 1165 3203 1216 3254; x_wconf 85' lang='lat' dir='ltr'>aes</span> 
     </span>
     <span class='ocr_line' id='line_1_26' title="bbox 169 3294 1215 3392; baseline -0.003 -23"><span class='ocrx_word' id='word_1_155' title='bbox 169 3296 329 3369; x_wconf 89' lang='lat' dir='ltr'>alienum</span> <span class='ocrx_word' id='word_1_156' title='bbox 347 3295 412 3368; x_wconf 88' lang='lat' dir='ltr'>aeri</span> <span class='ocrx_word' id='word_1_157' title='bbox 426 3294 529 3367; x_wconf 85' lang='lat' dir='ltr'>addit</span> <span class='ocrx_word' id='word_1_158' title='bbox 542 3294 675 3385; x_wconf 84' lang='lat' dir='ltr'>alieno,</span> <span class='ocrx_word' id='word_1_159' title='bbox 693 3305 798 3369; x_wconf 89' lang='lat' dir='ltr'>tanto</span> <span class='ocrx_word' id='word_1_160' title='bbox 811 3296 854 3368; x_wconf 85' lang='lat' dir='ltr'>fit</span> <span class='ocrx_word' id='word_1_161' title='bbox 866 3294 1063 3392; x_wconf 89' lang='lat' dir='ltr'>pauperior</span> <span class='ocrx_word' id='word_1_162' title='bbox 1076 3306 1215 3391; x_wconf 90' lang='lat' dir='ltr'>quanto</span> 
     </span>
     <span class='ocr_line' id='line_1_27' title="bbox 169 3407 619 3505; baseline 0 -24"><span class='ocrx_word' id='word_1_163' title='bbox 169 3409 251 3505; x_wconf 89' lang='lat' dir='ltr'>plus</span> <span class='ocrx_word' id='word_1_164' title='bbox 268 3408 380 3481; x_wconf 91' lang='lat' dir='ltr'>habet</span> <span class='ocrx_word' id='word_1_165' title='bbox 396 3409 479 3480; x_wconf 86' lang='lat' dir='ltr'>aeris</span> <span class='ocrx_word' id='word_1_166' title='bbox 496 3407 619 3481; x_wconf 88' lang='lat' dir='ltr'>alieni.</span> 
     </span>
    </p>

    <p class='ocr_par' dir='ltr' id='par_1_9' title="bbox 168 3520 1221 4302">
     <span class='ocr_line' id='line_1_28' title="bbox 219 3520 1217 3618; baseline 0 -25"><span class='ocrx_word' id='word_1_167' title='bbox 219 3520 267 3595; x_wconf 77' lang='lat' dir='ltr'>A.</span> <span class='ocrx_word' id='word_1_168' title='bbox 295 3521 412 3594; x_wconf 88' lang='lat' dir='ltr'>Recte</span> <span class='ocrx_word' id='word_1_169' title='bbox 435 3521 548 3617; x_wconf 81' lang='lat' dir='ltr'>capia.</span> <span class='ocrx_word' id='word_1_170' title='bbox 602 3521 801 3595; x_wconf 89' lang='lat' dir='ltr'>Sciendum</span> <span class='ocrx_word' id='word_1_171' title='bbox 818 3533 999 3618; x_wconf 87' lang='lat' dir='ltr'>praeterea</span> <span class='ocrx_word' id='word_1_172' title='bbox 1021 3533 1089 3612; x_wconf 90' lang='lat' dir='ltr'>est,</span> <span class='ocrx_word' id='word_1_173' title='bbox 1113 3543 1217 3617; x_wconf 85' lang='lat' dir='ltr'>mag-</span> 
     </span>
     <span class='ocr_line' id='line_1_29' title="bbox 170 3634 1216 3731; baseline -0.005 -21"><span class='ocrx_word' id='word_1_174' title='bbox 170 3635 358 3711; x_wconf 86' lang='lat' dir='ltr'>nitudines</span> <span class='ocrx_word' id='word_1_175' title='bbox 385 3635 582 3726; x_wconf 90' lang='lat' dir='ltr'>rationum,</span> <span class='ocrx_word' id='word_1_176' title='bbox 611 3648 689 3708; x_wconf 91' lang='lat' dir='ltr'>tam</span> <span class='ocrx_word' id='word_1_177' title='bbox 711 3634 879 3731; x_wconf 79' lang='lat' dir='ltr'>defectus</span> <span class='ocrx_word' id='word_1_178' title='bbox 896 3659 1007 3730; x_wconf 90' lang='lat' dir='ltr'>quam</span> <span class='ocrx_word' id='word_1_179' title='bbox 1030 3656 1216 3723; x_wconf 73' lang='lat' dir='ltr'>excessua,</span> 
     </span>
     <span class='ocr_line' id='line_1_30' title="bbox 172 3747 1217 3844; baseline -0.003 -21"><span class='ocrx_word' id='word_1_180' title='bbox 172 3748 409 3823; x_wconf 85' lang='lat' dir='ltr'>determinari</span> <span class='ocrx_word' id='word_1_181' title='bbox 425 3772 492 3844; x_wconf 86' lang='lat' dir='ltr'>per</span> <span class='ocrx_word' id='word_1_182' title='bbox 515 3748 807 3844; x_wconf 87' lang='lat' dir='ltr'>magnitudinem</span> <span class='ocrx_word' id='word_1_183' title='bbox 831 3748 1082 3843; x_wconf 46' lang='lat' dir='ltr'>differenti&amp;</span> <span class='ocrx_word' id='word_1_184' title='bbox 1106 3747 1217 3844; x_wconf 89' lang='lat' dir='ltr'>idque</span> 
     </span>
     <span class='ocr_line' id='line_1_31' title="bbox 173 3859 1218 3959; baseline -0.003 -24"><span class='ocrx_word' id='word_1_185' title='bbox 173 3862 380 3959; x_wconf 87' lang='lat' dir='ltr'>dupliciter.</span> <span class='ocrx_word' id='word_1_186' title='bbox 432 3862 559 3934; x_wconf 84' lang='lat' dir='ltr'>Potest</span> <span class='ocrx_word' id='word_1_187' title='bbox 576 3863 675 3936; x_wconf 91' lang='lat' dir='ltr'>enim</span> <span class='ocrx_word' id='word_1_188' title='bbox 692 3861 900 3935; x_wconf 86' lang='lat' dir='ltr'>differentia</span> <span class='ocrx_word' id='word_1_189' title='bbox 917 3861 1142 3936; x_wconf 89' lang='lat' dir='ltr'>considerari</span> <span class='ocrx_word' id='word_1_190' title='bbox 1158 3859 1218 3934; x_wconf 83' lang='lat' dir='ltr'>vel</span> 
     </span>
     <span class='ocr_line' id='line_1_32' title="bbox 173 3973 1219 4071; baseline -0.002 -24"><span class='ocrx_word' id='word_1_191' title='bbox 173 3974 353 4063; x_wconf 82' lang='lat' dir='ltr'>absolute,</span> <span class='ocrx_word' id='word_1_192' title='bbox 371 3986 415 4046; x_wconf 88' lang='lat' dir='ltr'>ut</span> <span class='ocrx_word' id='word_1_193' title='bbox 433 3998 517 4046; x_wconf 86' lang='lat' dir='ltr'>cum</span> <span class='ocrx_word' id='word_1_194' title='bbox 535 3973 692 4048; x_wconf 87' lang='lat' dir='ltr'>dicimus</span> <span class='ocrx_word' id='word_1_195' title='bbox 709 3974 956 4071; x_wconf 86' lang='lat' dir='ltr'>comparando</span> <span class='ocrx_word' id='word_1_196' title='bbox 982 3983 1005 4048; x_wconf 92' lang='lat'><strong>6</strong></span> <span class='ocrx_word' id='word_1_197' title='bbox 1024 3984 1061 4048; x_wconf 92' lang='lat' dir='ltr'>et</span> <span class='ocrx_word' id='word_1_198' title='bbox 1079 3984 1114 4062; x_wconf 88' lang='lat'>3,</span> <span class='ocrx_word' id='word_1_199' title='bbox 1140 3998 1219 4045; x_wconf 88' lang='lat' dir='ltr'>ma-</span> 
     </span>
     <span class='ocr_line' id='line_1_33' title="bbox 168 4085 1219 4184; baseline -0.003 -23"><span class='ocrx_word' id='word_1_200' title='bbox 168 4090 288 4184; x_wconf 88' lang='lat' dir='ltr'>jorem</span> <span class='ocrx_word' id='word_1_201' title='bbox 306 4111 385 4160; x_wconf 89' lang='lat' dir='ltr'>esse</span> <span class='ocrx_word' id='word_1_202' title='bbox 408 4094 432 4159; x_wconf 91' lang='lat'><strong>6</strong></span> <span class='ocrx_word' id='word_1_203' title='bbox 452 4111 561 4183; x_wconf 90' lang='lat' dir='ltr'>quam</span> <span class='ocrx_word' id='word_1_204' title='bbox 580 4098 603 4161; x_wconf 98' lang='lat'><strong>3</strong></span> <span class='ocrx_word' id='word_1_205' title='bbox 623 4087 742 4161; x_wconf 88' lang='lat' dir='ltr'>tribus</span> <span class='ocrx_word' id='word_1_206' title='bbox 760 4088 988 4173; x_wconf 79' lang='lat' dir='ltr'>unitatibns3</span> <span class='ocrx_word' id='word_1_207' title='bbox 1015 4110 1098 4184; x_wconf 87' lang='lat' dir='ltr'>quae</span> <span class='ocrx_word' id='word_1_208' title='bbox 1115 4085 1219 4158; x_wconf 89' lang='lat' dir='ltr'>diffe-</span> 
     </span>
     <span class='ocr_line' id='line_1_34' title="bbox 171 4199 1221 4302; baseline -0.001 -29"><span class='ocrx_word' id='word_1_209' title='bbox 171 4201 293 4274; x_wconf 86' lang='lat' dir='ltr'>rentia</span> <span class='ocrx_word' id='word_1_210' title='bbox 309 4212 366 4273; x_wconf 86' lang='lat' dir='ltr'>est</span> <span class='ocrx_word' id='word_1_211' title='bbox 383 4224 558 4273; x_wconf 87' lang='lat' dir='ltr'>numerus</span> <span class='ocrx_word' id='word_1_212' title='bbox 580 4200 793 4302; x_wconf 60' lang='lat' dir='ltr'>absolutus}</span> <span class='ocrx_word' id='word_1_213' title='bbox 819 4200 878 4274; x_wconf 91' lang='lat' dir='ltr'>vel</span> <span class='ocrx_word' id='word_1_214' title='bbox 894 4199 1156 4298; x_wconf 81' lang='lat' dir='ltr'>comparative,</span> <span class='ocrx_word' id='word_1_215' title='bbox 1175 4210 1221 4272; x_wconf 91' lang='lat' dir='ltr'>ut</span> 
     </span>
    </p>
   </div>
   <div class='ocr_carea' id='block_1_4' title="bbox 171 4313 1220 4410">
    <p class='ocr_par' dir='ltr' id='par_1_10' title="bbox 171 4313 1220 4410">
     <span class='ocr_line' id='line_1_35' title="bbox 171 4313 1220 4410; baseline -0.002 -22"><span class='ocrx_word' id='word_1_216' title='bbox 171 4338 259 4388; x_wconf 91' lang='lat' dir='ltr'>cum</span> <span class='ocrx_word' id='word_1_217' title='bbox 289 4314 445 4388; x_wconf 89' lang='lat' dir='ltr'>dicimus</span> <span class='ocrx_word' id='word_1_218' title='bbox 472 4315 653 4410; x_wconf 89' lang='lat' dir='ltr'>majorem</span> <span class='ocrx_word' id='word_1_219' title='bbox 680 4339 759 4388; x_wconf 87' lang='lat' dir='ltr'>csse</span> <span class='ocrx_word' id='word_1_220' title='bbox 786 4323 809 4387; x_wconf 88' lang='grc'>6</span> <span class='ocrx_word' id='word_1_221' title='bbox 835 4338 946 4410; x_wconf 90' lang='lat' dir='ltr'>quam</span> <span class='ocrx_word' id='word_1_222' title='bbox 973 4324 995 4387; x_wconf 90' lang='lat'><strong>3</strong></span> <span class='ocrx_word' id='word_1_223' title='bbox 1025 4313 1220 4410; x_wconf 89' lang='lat' dir='ltr'>suiipsius</span> 
     </span>
    </p>
   </div>
   <div class='ocr_carea' id='block_1_5' title="bbox 0 0 1466 5002">
    <p class='ocr_par' dir='ltr' id='par_1_11' title="bbox 0 0 1466 5002">
     <span class='ocr_line' id='line_1_36' title="bbox 0 0 1466 5002; baseline 0 0"><span class='ocrx_word' id='word_1_224' title='bbox 0 0 1466 5002; x_wconf 95' lang='lat' dir='ltr'> </span> 
     </span>
    </p>
   </div>
  </div>
 </body>
</html>
