2888 4988
271 402 345 469 460
414 414 469 468 DE
489 413 719 468 PRINCIPIIS
740 414 791 467 ΕΤ
810 411 1171 466 ΒΑΤῙΟΟῙΝΔΤῙΟΝΕ

74 609 244 654 olaxxnr.
272 580 474 655 secundum
499 580 701 671 Euclidem,
725 579 864 677 aeqnnle
887 588 936 654 48
959 579 1147 677 quadratis
1170 578 1218 652 ab
1242 575 1317 649 Nr.

59 682 230 800 1,,ᾙηῖξῷ
273 694 339 768 Est
355 707 480 768 autem
497 694 718 790 quadratum
734 718 757 767 a
775 693 827 767 Cr
843 701 903 766 49.
957 693 1081 767 Quare
1100 694 1131 767 si
1147 713 1316 789 gnomon

59 809 261 918 ffwm
273 809 377 904 cujus
399 807 556 882 latitudo
579 808 626 881 sit
643 808 717 895 Mr,
735 807 1074 903 circumponeretur
1093 805 1276 904 quadrato
1294 828 1318 877 a

59 942 101 982 aa.
256 907 361 1010 ’cM,
379 934 477 996 esset
493 921 555 995 ille
568 944 731 1017 gnomon
747 921 896 1016 aequalis
913 919 1092 1016 quadrato
1109 919 1222 1016 ipsius
1240 918 1314 991 Nr.

274 1034 348 1107 Sed
381 1045 568 1108 ostensum
594 1043 662 1120 est,
693 1031 793 1128 qnod
818 1055 982 1128 gnomon
1015 1033 1119 1128 eujus
1155 1028 1316 1104 latitudo

271 1148 319 1222 sit
338 1146 414 1237 Mr,
433 1145 713 1241 circumpositus
739 1144 959 1242 quadratos
980 1144 1065 1235 ΒΜ,
1090 1143 1241 1241 aequalis
1256 1153 1317 1215 est

270 1260 451 1359 quadrato
469 1259 515 1333 ab
533 1258 661 1332 eadem
686 1258 755 1330 Nr.
809 1258 895 1331 Non
911 1270 968 1331 est
985 1282 1073 1355 ergo
1092 1256 1316 1354 quadratum

270 1397 295 1447 a
310 1383 486 1468 tangente
503 1381 552 1447 30
569 1371 750 1466 graduum
764 1370 812 1444 ad
830 1370 1050 1467 quadratum
1075 1395 1098 1444 a
1115 1369 1315 1443 semiradio

269 1497 313 1560 ut
339 1485 427 1558 4ad
445 1494 480 1558 3.
546 1484 655 1559 Quod
681 1495 736 1557 est
763 1496 894 1557 contra
916 1507 1022 1581 prop.
1053 1487 1114 1575 47,
1141 1484 1259 1556 Elem.
1287 1483 1312 1554 i.

273 1599 360 1673 Non
371 1597 518 1672 videtur
534 1622 623 1693 ergo
640 1597 842 1694 propositio
859 1597 922 1670 illa
938 1597 1195 1671 universaliter
1204 1619 1314 1669 vera:

271 1713 336 1786 sed
355 1712 527 1786 dubitans
543 1711 596 1785 nil
612 1712 824 1806 pronuntio.

268 1886 270 1891 ,
320 1829 470 1900 “Error
486 1826 575 1914 est‚”
595 1825 749 1922 inquies,
767 1824 932 1920 “aliquis
949 1825 1007 1897 vel
1029 1824 1068 1897 in
1095 1823 1170 1912 illa,
1187 1821 1246 1894 vel
1274 1820 1315 1893 in

270 1940 340 2014 hac
358 1939 702 2018 demonstratione.”
737 1938 963 2011 Certissime.
1006 1937 1183 2011 incumbe
1196 1935 1313 2031 igitur

269 2064 351 2128 toto
362 2053 484 2126 auimo
502 2052 696 2148 utriusque
713 2051 1000 2124 examinationi:
1028 2074 1097 2124 uec
1114 2047 1315 2122 ratiocina-

268 2167 388 2240 tiones
405 2177 561 2255 tantum,
580 2165 644 2238 sed
662 2166 773 2238 etiam
789 2164 972 2263 principia
985 2175 1128 2238 excute.
1179 2160 1316 2258 Impri-

268 2280 338 2353 mis
351 2291 486 2369 autem,
501 2302 589 2352 cave
599 2300 647 2351 ne
661 2277 876 2352 tenuissima
884 2277 1068 2374 triangula
1078 2276 1138 2350 vel
1151 2287 1315 2349 sectores

268 2391 608 2489 quantulascunque
638 2403 829 2487 computes
858 2414 927 2489 pro
955 2391 1062 2465 lineis
1093 2388 1216 2478 rectis,
1247 2399 1315 2461 aut

268 2504 610 2602 parallelogramma
635 2504 896 2601 obliquangula
917 2505 1050 2601 exigua
1072 2526 1140 2600 pro
1166 2514 1314 2575 rectan-

269 2618 376 2714 gulia
428 2617 472 2691 Id
491 2616 590 2712 quod
607 2617 745 2692 evitare
770 2641 846 2691 non
867 2628 992 2714 potest
1017 2619 1059 2709 ia,
1079 2618 1142 2714 qui
1168 2626 1315 2690 rectan-

269 2730 397 2827 gnlum
427 2755 503 2803 non
531 2729 750 2825 quadratum
777 2742 919 2804 sectum
948 2742 1054 2828 putet
1077 2730 1227 2803 alinea‘
1245 2752 1315 2825 per

270 2843 424 2940 angulos
440 2844 629 2938 oppositos
646 2842 839 2927 bifariam
865 2855 908 2916 ut
925 2844 1036 2916 estin
1061 2842 1314 2940 propositione

270 2966 332 3044 34,
351 2956 466 3029 Elem.
485 2956 509 3027 i.
562 2955 784 3051 Quanquam
802 2955 901 3028 enim
921 2955 959 3028 in
978 2955 1158 3052 quadrato
1184 2954 1313 3052 diago-

269 3069 363 3144 nalis
380 3068 605 3142 considerari
629 3079 753 3164 potest
772 3078 815 3141 ut
841 3092 943 3142 mera
969 3068 1172 3164 longitudo,
1200 3080 1314 3164 atque

271 3183 382 3254 etiam
404 3195 447 3254 ut
473 3182 757 3254 minutissimum
780 3181 1048 3278 rectangnlum,
1067 3182 1155 3277 quia
1181 3181 1315 3254 dividit

271 3294 460 3390 oppositos
477 3294 632 3390 angulos
649 3293 834 3368 bifariam:
862 3295 901 3368 in
919 3294 1081 3391 oblongo
1097 3305 1233 3383 tamen,
1248 3295 1314 3367 ubi

268 3406 475 3504 diagonalis
492 3431 567 3480 non
585 3406 716 3481 dividit
741 3407 930 3503 oppositos
954 3407 1109 3503 angulos
1130 3406 1312 3498 bifariam,

271 3520 495 3594 considerari
506 3543 579 3593 non
592 3533 714 3617 potest
724 3544 845 3617 neque
855 3532 898 3593 ut
912 3521 1179 3617 rectangnlum,
1192 3544 1313 3617 neque

269 3645 312 3706 ut
329 3657 430 3706 mera
446 3633 650 3730 longitudo,
667 3635 733 3708 sed
750 3647 792 3707 ut
807 3635 865 3707 vel
882 3633 1108 3730 triangulum
1122 3633 1314 3730 obliquan-

270 3747 409 3844 gulum,
427 3747 485 3820 vel
503 3747 886 3845 parallelogrammum
899 3748 1210 3844 obliquangulum.
1238 3748 1313 3820 Sed

270 3873 313 3934 ut
329 3861 425 3934 hanc
443 3861 696 3934 difficultatem
718 3862 861 3935 facilius
879 3863 1088 3935 examinare
1106 3863 1234 3958 possis,
1252 3886 1312 3935 os-

271 3974 421 4047 tendam
444 3975 512 4048 tibi
530 3999 629 4048 nunc
645 3987 797 4072 quanto,
812 3978 919 4070 juxta
931 3975 1137 4063 Euclidem,
1155 3975 1312 4073 quadra-

271 4099 349 4160 tum
368 4112 389 4160 a
406 4098 581 4184 tangente
606 4096 653 4162 30
676 4088 857 4184 graduum
882 4091 999 4184 majus
1024 4101 1081 4162 est
1097 4112 1206 4185 qnam
1225 4113 1312 4185 qua·

271 4200 418 4274 dratum
435 4226 458 4273 a
474 4200 681 4274 semiradio.

320 4313 412 4389 Dico
429 4325 553 4388 autem
571 4313 790 4410 quadratum
808 4339 829 4390 a
846 4326 1021 4411 tangente
1048 4322 1096 4388 30
1114 4314 1308 4410 graduum,
