2888 5002
337 433 652 487 mannumaurcm
672 435 916 489 nonrsnrtm.
1097 425 1142 489 41

107 623 180 698 que
196 623 275 673 esse
292 623 429 691 veram,
453 625 576 676 nonne
594 603 702 676 simul
719 602 946 676 demonstrat
961 611 1042 675 tum
1059 627 1147 677 oon-
1186 632 1336 674 nmmum

105 714 257 788 trariam
274 725 354 786 tum
372 716 696 790 contradictoriam
713 718 792 813 ejus
809 741 890 792 esse
905 717 1063 791 falsam?
1187 714 1329 819 ζ,

156 824 204 901 Β.
229 827 381 924 Absque
398 827 523 903 dubio.

156 937 204 1012 A.
231 940 272 1013 Si
288 940 402 1036 igitur
417 943 622 1038 propositio
644 942 725 1038 ipsu
741 941 995 1016 demonstratu
1017 942 1067 1016 sit
1083 967 1150 1040 per

107 1052 460 1127 demonstrationem
477 1074 526 1128 ros
540 1067 616 1140 tur«,
636 1055 747 1128 etiam
758 1055 1046 1130 contradictoria
1057 1059 1148 1153 ejus,

107 1190 152 1240 eo
169 1165 250 1262 ipso
266 1165 366 1262 quod
383 1167 628 1242 contradictio
652 1167 852 1263 detegitur,
877 1168 1150 1244 demonstratur

106 1303 175 1377 per
191 1279 540 1354 demonstrationem
557 1299 608 1352 ros
621 1293 697 1354 tort.

157 1390 205 1466 Β.
231 1392 291 1465 Itu
306 1416 450 1466 censeo.

159 1506 210 1579 A.
236 1504 409 1579 Secunda
439 1505 715 1581 demmrstraadi
747 1509 851 1582 ratio
880 1517 938 1580 est
966 1509 1150 1582 osteruiou

108 1640 158 1691 ros
171 1634 231 1704 orm
255 1618 344 1691 utri
355 1629 464 1693 recta
476 1620 547 1694 ΑΟ
559 1620 880 1695 dernmrstraretur
892 1620 1048 1719 aqualis
1068 1646 1151 1696 esse

108 1745 221 1810 recta
247 1735 328 1825 BC,
355 1737 529 1834 quonium
554 1748 714 1835 utruque
750 1737 1150 1836 deutomtratusuerut

109 1847 261 1945 (equalis
278 1849 355 1947 ipsi
371 1850 466 1934 AB;
492 1876 572 1947 quoe
588 1860 711 1923 autem
733 1861 818 1924 sunt
843 1851 960 1925 eidem
977 1851 1149 1949 aequalia,

109 1972 195 2035 sunt
205 1971 243 2035 et
252 1961 411 2058 aequalia
421 1963 519 2035 inter
528 1987 581 2037 se.
633 1964 779 2061 Estque
789 1965 869 2039 taec
880 1964 1150 2038 demonstratio

110 2075 252 2172 quidem
261 2075 446 2149 ostensiva
455 2092 504 2147 rou
520 2089 570 2156 on,
580 2087 777 2149 nouantem
787 2095 834 2150 ros
843 2077 1037 2151 tata—Dic
1047 2078 1149 2166 mihi,

111 2188 234 2263 sinc
258 2188 575 2263 demonstraretur
604 2190 753 2286 aequalis
783 2214 862 2264 esse
884 2191 962 2281 BC,
990 2215 1038 2263 an
1067 2190 1150 2263 ideo

111 2313 207 2373 esset
224 2299 517 2374 demonstratio?

162 2411 208 2486 Β.
234 2412 378 2486 Videris
395 2414 485 2488 mihi
499 2437 665 2511 qnaerere
681 2440 729 2489 an
743 2414 1007 2489 demonstratio
1023 2415 1072 2487 sit
1089 2414 1151 2488 de·-

110 2527 341 2601 monstratio.

162 2641 212 2714 A.
239 2641 279 2714 Si
297 2640 562 2715 demonstratio
580 2652 648 2730 est,
667 2640 869 2715 scientifica
885 2651 954 2714 est.

161 2753 211 2826 B.
239 2753 364 2826 Recte.

163 2867 213 2939 Α.
241 2866 299 2938 An
316 2865 400 2955 Ac,
419 2865 488 2939 BC
505 2867 592 2940 sciri
615 2879 769 2963 possunt
784 2866 944 2962 aequales
961 2889 1040 2941 esse
1056 2865 1153 2940 inter

111 3001 163 3067 se,
181 2978 253 3049 nisi
266 2977 424 3050 sciemus
436 2978 538 3073 prius
554 2990 750 3074 utramque
767 2979 946 3074 aequulem
960 3003 1040 3054 esse
1054 2978 1151 3051 AB?

165 3090 214 3163 B.
240 3090 406 3181 Minime,
424 3114 543 3188 neque
559 3091 599 3165 id
616 3091 706 3165 dicit
722 3092 920 3167 Wallisius.

164 3204 213 3277 A.
241 3203 280 3276 Si
304 3204 390 3277 sciri
413 3228 489 3278 non
512 3218 637 3302 potest
653 3205 724 3279 AC
741 3217 778 3279 et
796 3206 863 3280 BC
886 3230 966 3280 esse
988 3207 1087 3278 inter
1114 3229 1153 3277 se

113 3317 284 3413 aquales,
302 3331 501 3415 antequam
513 3318 670 3392 sciamus
682 3331 877 3416 utrumque
891 3343 1016 3392 earum
1033 3341 1154 3415 aequa-

112 3431 187 3505 lem
204 3453 283 3504 esse
299 3431 394 3515 AB;
420 3455 540 3528 neque
556 3444 681 3528 potest
698 3432 940 3506 demonstrari
963 3431 1054 3507 illud
1076 3431 1154 3504 sine

113 3543 429 3618 demonstratione
446 3546 566 3642 hujus.

166 3656 215 3728 Β.
241 3657 378 3729 Verum
396 3667 464 3729 est.

165 3769 215 3842 Α.
240 3770 308 3843 Est
319 3793 410 3865 ergo
422 3769 687 3844 demonstratio
700 3771 822 3866 hujus,
833 3793 918 3866 pars
931 3769 1154 3843 demonstra·

114 3886 224 3960 tionis
241 3886 350 3960 illius.

167 4000 217 4074 Β.
243 4000 360 4074 Video
374 4024 446 4096 quo
460 4001 593 4091 tendis,
607 4000 793 4090 nimirum,
807 4000 906 4074 adid
920 4000 1018 4097 quod
1031 4000 1156 4075 dixisti

115 4114 225 4210 paulo
248 4126 333 4188 ante
359 4114 397 4186 in
420 4114 742 4189 demonstrationis
766 4114 989 4203 definitione,
1012 4138 1156 4211 nempe,

116 4251 196 4301 esse
224 4251 305 4300 eam
327 4227 622 4324 syllogismorum
646 4229 790 4319 seriem,
817 4229 920 4324 cujus
937 4226 1157 4323 principium

115 4341 228 4414 estin
248 4340 474 4429 definitione,
502 4354 542 4415 et
569 4341 651 4416 finis
679 4344 717 4415 in
746 4341 980 4416 conclusione
1004 4341 1156 4425 ultima;
